Customer,Date,Revenue
1,1/1/2015,0
1,2/28/2015,21
1,3/31/2015,21
1,4/30/2015,21
1,5/31/2015,21
1,6/30/2015,21
1,7/31/2015,21
1,8/31/2015,21
1,9/30/2015,21
1,10/31/2015,21
1,11/30/2015,21
1,12/31/2015,21
1,1/31/2016,21
1,2/29/2016,21
1,3/31/2016,21
1,4/30/2016,21
1,5/31/2016,21
1,6/30/2016,21
1,7/31/2016,21
1,8/31/2016,21
1,9/30/2016,21
1,10/31/2016,21
1,11/30/2016,21
1,12/31/2016,21
1,1/31/2017,21
1,2/28/2017,21
1,3/31/2017,21
1,4/30/2017,21
1,5/31/2017,21
1,6/30/2017,21
1,7/31/2017,21
1,8/31/2017,21
1,9/30/2017,21
1,10/31/2017,21
1,11/30/2017,21
2,1/1/2015,0
2,2/28/2015,0
2,3/31/2015,0
2,4/30/2015,0
2,5/31/2015,0
2,6/30/2015,0
2,7/31/2015,0
2,8/31/2015,0
2,9/30/2015,0
2,10/31/2015,0
2,11/30/2015,0
2,12/31/2015,0
2,1/31/2016,0
2,2/29/2016,0
2,3/31/2016,0
2,4/30/2016,0
2,5/31/2016,0
2,6/30/2016,0
2,7/31/2016,0
2,8/31/2016,0
2,9/30/2016,0
2,10/31/2016,3333.33
2,11/30/2016,3333.33
2,12/31/2016,3558.33
2,1/31/2017,3558.33
2,2/28/2017,3558.33
2,3/31/2017,3558.33
2,4/30/2017,3558.33
2,5/31/2017,3558.33
2,6/30/2017,3558.33
2,7/31/2017,3850
2,8/31/2017,3850
2,9/30/2017,3850
2,10/31/2017,3850
2,11/30/2017,0
3,1/1/2015,0
3,2/28/2015,0
3,3/31/2015,0
3,4/30/2015,0
3,5/31/2015,0
3,6/30/2015,0
3,7/31/2015,0
3,8/31/2015,0
3,9/30/2015,0
3,10/31/2015,0
3,11/30/2015,0
3,12/31/2015,0
3,1/31/2016,0
3,2/29/2016,0
3,3/31/2016,0
3,4/30/2016,0
3,5/31/2016,0
3,6/30/2016,0
3,7/31/2016,0
3,8/31/2016,0
3,9/30/2016,0
3,10/31/2016,0
3,11/30/2016,0
3,12/31/2016,0
3,1/31/2017,0
3,2/28/2017,0
3,3/31/2017,0
3,4/30/2017,0
3,5/31/2017,0
3,6/30/2017,0
3,7/31/2017,0
3,8/31/2017,0
3,9/30/2017,0
3,10/31/2017,0
3,11/30/2017,0
4,1/1/2015,0
4,2/28/2015,0
4,3/31/2015,17.583
4,4/30/2015,17.583
4,5/31/2015,17.583
4,6/30/2015,17.583
4,7/31/2015,17.583
4,8/31/2015,17.583
4,9/30/2015,17.583
4,10/31/2015,17.583
4,11/30/2015,17.583
4,12/31/2015,17.583
4,1/31/2016,17.583
4,2/29/2016,17.583
4,3/31/2016,0
4,4/30/2016,0
4,5/31/2016,0
4,6/30/2016,0
4,7/31/2016,0
4,8/31/2016,0
4,9/30/2016,0
4,10/31/2016,0
4,11/30/2016,0
4,12/31/2016,0
4,1/31/2017,0
4,2/28/2017,0
4,3/31/2017,0
4,4/30/2017,0
4,5/31/2017,0
4,6/30/2017,0
4,7/31/2017,0
4,8/31/2017,0
4,9/30/2017,0
4,10/31/2017,0
4,11/30/2017,0
5,1/1/2015,0
5,2/28/2015,0
5,3/31/2015,0
5,4/30/2015,0
5,5/31/2015,0
5,6/30/2015,33.25
5,7/31/2015,33.25
5,8/31/2015,33.25
5,9/30/2015,33.25
5,10/31/2015,33.25
5,11/30/2015,0
5,12/31/2015,0
5,1/31/2016,83.25
5,2/29/2016,83.25
5,3/31/2016,83.25
5,4/30/2016,83.25
5,5/31/2016,83.25
5,6/30/2016,83.25
5,7/31/2016,83.25
5,8/31/2016,83.25
5,9/30/2016,83.25
5,10/31/2016,83.25
5,11/30/2016,83.25
5,12/31/2016,0
5,1/31/2017,83.25
5,2/28/2017,83.25
5,3/31/2017,83.25
5,4/30/2017,83.25
5,5/31/2017,83.25
5,6/30/2017,83.25
5,7/31/2017,83.25
5,8/31/2017,83.25
5,9/30/2017,83.25
5,10/31/2017,83.25
5,11/30/2017,83.25
6,1/1/2015,0
6,2/28/2015,0
6,3/31/2015,0
6,4/30/2015,0
6,5/31/2015,575
6,6/30/2015,575
6,7/31/2015,0
6,8/31/2015,924
6,9/30/2015,924
6,10/31/2015,924
6,11/30/2015,924
6,12/31/2015,924
6,1/31/2016,924
6,2/29/2016,924
6,3/31/2016,924
6,4/30/2016,924
6,5/31/2016,924
6,6/30/2016,924
6,7/31/2016,0
6,8/31/2016,1640.66
6,9/30/2016,1640.66
6,10/31/2016,1640.66
6,11/30/2016,1640.66
6,12/31/2016,1640.66
6,1/31/2017,1640.66
6,2/28/2017,1640.66
6,3/31/2017,1640.66
6,4/30/2017,1640.66
6,5/31/2017,1640.66
6,6/30/2017,1640.66
6,7/31/2017,0
6,8/31/2017,1640.666667
6,9/30/2017,1640.666667
6,10/31/2017,1640.666667
6,11/30/2017,1640.666667
7,1/1/2015,0
7,2/28/2015,0
7,3/31/2015,0
7,4/30/2015,0
7,5/31/2015,0
7,6/30/2015,21.75
7,7/31/2015,21.75
7,8/31/2015,21.75
7,9/30/2015,21.75
7,10/31/2015,21.75
7,11/30/2015,21.75
7,12/31/2015,21.75
7,1/31/2016,21.75
7,2/29/2016,21.75
7,3/31/2016,21.75
7,4/30/2016,21.75
7,5/31/2016,21.75
7,6/30/2016,29
7,7/31/2016,29
7,8/31/2016,29
7,9/30/2016,29
7,10/31/2016,29
7,11/30/2016,29
7,12/31/2016,29
7,1/31/2017,29
7,2/28/2017,29
7,3/31/2017,29
7,4/30/2017,29
7,5/31/2017,29
7,6/30/2017,29
7,7/31/2017,29
7,8/31/2017,29
7,9/30/2017,29
7,10/31/2017,29
7,11/30/2017,29
8,1/1/2015,0
8,2/28/2015,0
8,3/31/2015,0
8,4/30/2015,0
8,5/31/2015,0
8,6/30/2015,13
8,7/31/2015,13
8,8/31/2015,13
8,9/30/2015,13
8,10/31/2015,13
8,11/30/2015,13
8,12/31/2015,13
8,1/31/2016,13
8,2/29/2016,13
8,3/31/2016,13
8,4/30/2016,13
8,5/31/2016,13
8,6/30/2016,13
8,7/31/2016,13
8,8/31/2016,13
8,9/30/2016,13
8,10/31/2016,13
8,11/30/2016,13
8,12/31/2016,13
8,1/31/2017,13
8,2/28/2017,13
8,3/31/2017,13
8,4/30/2017,13
8,5/31/2017,13
8,6/30/2017,13
8,7/31/2017,13
8,8/31/2017,13
8,9/30/2017,13
8,10/31/2017,13
8,11/30/2017,13
9,1/1/2015,0
9,2/28/2015,0
9,3/31/2015,0
9,4/30/2015,0
9,5/31/2015,0
9,6/30/2015,29
9,7/31/2015,29
9,8/31/2015,29
9,9/30/2015,29
9,10/31/2015,29
9,11/30/2015,29
9,12/31/2015,29
9,1/31/2016,29
9,2/29/2016,29
9,3/31/2016,29
9,4/30/2016,29
9,5/31/2016,29
9,6/30/2016,29
9,7/31/2016,29
9,8/31/2016,29
9,9/30/2016,29
9,10/31/2016,29
9,11/30/2016,29
9,12/31/2016,29
9,1/31/2017,29
9,2/28/2017,29
9,3/31/2017,29
9,4/30/2017,29
9,5/31/2017,29
9,6/30/2017,29
9,7/31/2017,29
9,8/31/2017,29
9,9/30/2017,29
9,10/31/2017,29
9,11/30/2017,29
10,1/1/2015,10.08333333
10,2/28/2015,10.08333333
10,3/31/2015,10.08333333
10,4/30/2015,10.08333333
10,5/31/2015,10.08333333
10,6/30/2015,10.08333333
10,7/31/2015,10.08333333
10,8/31/2015,10.08333333
10,9/30/2015,10.08333333
10,10/31/2015,10.08333333
10,11/30/2015,10.08333333
10,12/31/2015,0
10,1/31/2016,0
10,2/29/2016,0
10,3/31/2016,0
10,4/30/2016,0
10,5/31/2016,0
10,6/30/2016,0
10,7/31/2016,0
10,8/31/2016,0
10,9/30/2016,0
10,10/31/2016,0
10,11/30/2016,0
10,12/31/2016,0
10,1/31/2017,0
10,2/28/2017,0
10,3/31/2017,0
10,4/30/2017,0
10,5/31/2017,0
10,6/30/2017,0
10,7/31/2017,0
10,8/31/2017,0
10,9/30/2017,0
10,10/31/2017,0
10,11/30/2017,0
11,1/1/2015,0
11,2/28/2015,0
11,3/31/2015,0
11,4/30/2015,0
11,5/31/2015,0
11,6/30/2015,0
11,7/31/2015,399
11,8/31/2015,399
11,9/30/2015,399
11,10/31/2015,399
11,11/30/2015,399
11,12/31/2015,399
11,1/31/2016,399
11,2/29/2016,399
11,3/31/2016,399
11,4/30/2016,399
11,5/31/2016,399
11,6/30/2016,399
11,7/31/2016,0
11,8/31/2016,0
11,9/30/2016,0
11,10/31/2016,0
11,11/30/2016,0
11,12/31/2016,0
11,1/31/2017,0
11,2/28/2017,0
11,3/31/2017,0
11,4/30/2017,0
11,5/31/2017,0
11,6/30/2017,0
11,7/31/2017,0
11,8/31/2017,0
11,9/30/2017,0
11,10/31/2017,0
11,11/30/2017,0
12,1/1/2015,0
12,2/28/2015,0
12,3/31/2015,0
12,4/30/2015,0
12,5/31/2015,0
12,6/30/2015,0
12,7/31/2015,0
12,8/31/2015,12.41666667
12,9/30/2015,12.41666667
12,10/31/2015,12.41666667
12,11/30/2015,12.41666667
12,12/31/2015,12.41666667
12,1/31/2016,12.41666667
12,2/29/2016,12.41666667
12,3/31/2016,12.41666667
12,4/30/2016,12.41666667
12,5/31/2016,12.41666667
12,6/30/2016,12.41666667
12,7/31/2016,12.41666667
12,8/31/2016,12.41666667
12,9/30/2016,12.41666667
12,10/31/2016,12.41666667
12,11/30/2016,12.41666667
12,12/31/2016,12.41666667
12,1/31/2017,12.41666667
12,2/28/2017,12.41666667
12,3/31/2017,12.41666667
12,4/30/2017,12.41666667
12,5/31/2017,12.41666667
12,6/30/2017,12.41666667
12,7/31/2017,12.41666667
12,8/31/2017,12.41666667
12,9/30/2017,12.41666667
12,10/31/2017,12.41666667
12,11/30/2017,12.41666667
13,1/1/2015,0
13,2/28/2015,0
13,3/31/2015,0
13,4/30/2015,0
13,5/31/2015,0
13,6/30/2015,0
13,7/31/2015,0
13,8/31/2015,195
13,9/30/2015,195
13,10/31/2015,195
13,11/30/2015,195
13,12/31/2015,195
13,1/31/2016,195
13,2/29/2016,195
13,3/31/2016,195
13,4/30/2016,195
13,5/31/2016,195
13,6/30/2016,195
13,7/31/2016,195
13,8/31/2016,195
13,9/30/2016,195
13,10/31/2016,195
13,11/30/2016,195
13,12/31/2016,195
13,1/31/2017,195
13,2/28/2017,195
13,3/31/2017,195
13,4/30/2017,195
13,5/31/2017,195
13,6/30/2017,195
13,7/31/2017,195
13,8/31/2017,195
13,9/30/2017,195
13,10/31/2017,195
13,11/30/2017,195
14,1/1/2015,0
14,2/28/2015,0
14,3/31/2015,0
14,4/30/2015,0
14,5/31/2015,0
14,6/30/2015,0
14,7/31/2015,0
14,8/31/2015,299
14,9/30/2015,299
14,10/31/2015,299
14,11/30/2015,299
14,12/31/2015,299
14,1/31/2016,299
14,2/29/2016,299
14,3/31/2016,299
14,4/30/2016,299
14,5/31/2016,299
14,6/30/2016,299
14,7/31/2016,299
14,8/31/2016,299
14,9/30/2016,299
14,10/31/2016,299
14,11/30/2016,299
14,12/31/2016,299
14,1/31/2017,299
14,2/28/2017,299
14,3/31/2017,299
14,4/30/2017,299
14,5/31/2017,299
14,6/30/2017,299
14,7/31/2017,299
14,8/31/2017,299
14,9/30/2017,299
14,10/31/2017,299
14,11/30/2017,299
15,1/1/2015,0
15,2/28/2015,0
15,3/31/2015,0
15,4/30/2015,0
15,5/31/2015,0
15,6/30/2015,0
15,7/31/2015,0
15,8/31/2015,352.25
15,9/30/2015,352.25
15,10/31/2015,352.25
15,11/30/2015,352.25
15,12/31/2015,352.25
15,1/31/2016,352.25
15,2/29/2016,352.25
15,3/31/2016,352.25
15,4/30/2016,352.25
15,5/31/2016,352.25
15,6/30/2016,352.25
15,7/31/2016,352.25
15,8/31/2016,352.25
15,9/30/2016,352.25
15,10/31/2016,352.25
15,11/30/2016,352.25
15,12/31/2016,352.25
15,1/31/2017,352.25
15,2/28/2017,352.25
15,3/31/2017,352.25
15,4/30/2017,352.25
15,5/31/2017,352.25
15,6/30/2017,352.25
15,7/31/2017,352.25
15,8/31/2017,352.25
15,9/30/2017,352.25
15,10/31/2017,352.25
15,11/30/2017,352.25
16,1/1/2015,0
16,2/28/2015,0
16,3/31/2015,0
16,4/30/2015,0
16,5/31/2015,0
16,6/30/2015,0
16,7/31/2015,0
16,8/31/2015,0
16,9/30/2015,0
16,10/31/2015,0
16,11/30/2015,516.5
16,12/31/2015,516.5
16,1/31/2016,516.5
16,2/29/2016,516.5
16,3/31/2016,516.5
16,4/30/2016,516.5
16,5/31/2016,516.5
16,6/30/2016,516.5
16,7/31/2016,516.5
16,8/31/2016,516.5
16,9/30/2016,516.5
16,10/31/2016,516.5
16,11/30/2016,516.5
16,12/31/2016,516.5
16,1/31/2017,516.5
16,2/28/2017,516.5
16,3/31/2017,516.5
16,4/30/2017,516.5
16,5/31/2017,516.5
16,6/30/2017,516.5
16,7/31/2017,516.5
16,8/31/2017,516.5
16,9/30/2017,516.5
16,10/31/2017,516.5
16,11/30/2017,516.5
17,1/1/2015,0
17,2/28/2015,0
17,3/31/2015,0
17,4/30/2015,0
17,5/31/2015,0
17,6/30/2015,0
17,7/31/2015,0
17,8/31/2015,0
17,9/30/2015,1049.3
17,10/31/2015,1049.3
17,11/30/2015,1049.3
17,12/31/2015,1049.3
17,1/31/2016,1049.3
17,2/29/2016,1049.3
17,3/31/2016,1049.3
17,4/30/2016,1049.3
17,5/31/2016,1049.3
17,6/30/2016,1049.3
17,7/31/2016,1049.3
17,8/31/2016,1049.3
17,9/30/2016,1049.3
17,10/31/2016,1049.3
17,11/30/2016,1049.3
17,12/31/2016,1049.3
17,1/31/2017,1049.3
17,2/28/2017,1049.3
17,3/31/2017,1049.3
17,4/30/2017,1049.3
17,5/31/2017,1049.3
17,6/30/2017,1049.3
17,7/31/2017,1049.3
17,8/31/2017,1049.3
17,9/30/2017,1049.3
17,10/31/2017,1049.3
17,11/30/2017,1049.3
18,1/1/2015,0
18,2/28/2015,0
18,3/31/2015,0
18,4/30/2015,0
18,5/31/2015,0
18,6/30/2015,0
18,7/31/2015,0
18,8/31/2015,0
18,9/30/2015,0
18,10/31/2015,7278
18,11/30/2015,7278
18,12/31/2015,7278
18,1/31/2016,7278
18,2/29/2016,7278
18,3/31/2016,7278
18,4/30/2016,7278
18,5/31/2016,7278
18,6/30/2016,7278
18,7/31/2016,7278
18,8/31/2016,7278
18,9/30/2016,7278
18,10/31/2016,7278
18,11/30/2016,7278
18,12/31/2016,7278
18,1/31/2017,7278
18,2/28/2017,7278
18,3/31/2017,7278
18,4/30/2017,7278
18,5/31/2017,7278
18,6/30/2017,7278
18,7/31/2017,7278
18,8/31/2017,7278
18,9/30/2017,7278
18,10/31/2017,7278
18,11/30/2017,7278
19,1/1/2015,0
19,2/28/2015,0
19,3/31/2015,0
19,4/30/2015,0
19,5/31/2015,0
19,6/30/2015,0
19,7/31/2015,0
19,8/31/2015,0
19,9/30/2015,0
19,10/31/2015,74
19,11/30/2015,74
19,12/31/2015,74
19,1/31/2016,74
19,2/29/2016,74
19,3/31/2016,74
19,4/30/2016,74
19,5/31/2016,74
19,6/30/2016,74
19,7/31/2016,74
19,8/31/2016,74
19,9/30/2016,74
19,10/31/2016,74
19,11/30/2016,74
19,12/31/2016,74
19,1/31/2017,74
19,2/28/2017,74
19,3/31/2017,74
19,4/30/2017,74
19,5/31/2017,74
19,6/30/2017,74
19,7/31/2017,74
19,8/31/2017,74
19,9/30/2017,74
19,10/31/2017,74
19,11/30/2017,74
20,1/1/2015,0
20,2/28/2015,0
20,3/31/2015,0
20,4/30/2015,0
20,5/31/2015,0
20,6/30/2015,0
20,7/31/2015,0
20,8/31/2015,0
20,9/30/2015,0
20,10/31/2015,0
20,11/30/2015,360.25
20,12/31/2015,360.25
20,1/31/2016,360.25
20,2/29/2016,360.25
20,3/31/2016,360.25
20,4/30/2016,360.25
20,5/31/2016,360.25
20,6/30/2016,360.25
20,7/31/2016,360.25
20,8/31/2016,360.25
20,9/30/2016,360.25
20,10/31/2016,0
20,11/30/2016,0
20,12/31/2016,0
20,1/31/2017,0
20,2/28/2017,0
20,3/31/2017,0
20,4/30/2017,0
20,5/31/2017,0
20,6/30/2017,0
20,7/31/2017,0
20,8/31/2017,0
20,9/30/2017,0
20,10/31/2017,0
20,11/30/2017,0
21,1/1/2015,0
21,2/28/2015,0
21,3/31/2015,0
21,4/30/2015,0
21,5/31/2015,0
21,6/30/2015,0
21,7/31/2015,0
21,8/31/2015,0
21,9/30/2015,0
21,10/31/2015,29
21,11/30/2015,29
21,12/31/2015,29
21,1/31/2016,29
21,2/29/2016,29
21,3/31/2016,29
21,4/30/2016,29
21,5/31/2016,29
21,6/30/2016,29
21,7/31/2016,29
21,8/31/2016,29
21,9/30/2016,29
21,10/31/2016,29
21,11/30/2016,29
21,12/31/2016,29
21,1/31/2017,29
21,2/28/2017,29
21,3/31/2017,29
21,4/30/2017,29
21,5/31/2017,29
21,6/30/2017,29
21,7/31/2017,29
21,8/31/2017,29
21,9/30/2017,29
21,10/31/2017,44
21,11/30/2017,44
22,1/1/2015,0
22,2/28/2015,0
22,3/31/2015,0
22,4/30/2015,0
22,5/31/2015,0
22,6/30/2015,0
22,7/31/2015,0
22,8/31/2015,0
22,9/30/2015,0
22,10/31/2015,20
22,11/30/2015,20
22,12/31/2015,20
22,1/31/2016,20
22,2/29/2016,20
22,3/31/2016,20
22,4/30/2016,20
22,5/31/2016,20
22,6/30/2016,20
22,7/31/2016,20
22,8/31/2016,20
22,9/30/2016,20
22,10/31/2016,20
22,11/30/2016,20
22,12/31/2016,125
22,1/31/2017,125
22,2/28/2017,125
22,3/31/2017,125
22,4/30/2017,125
22,5/31/2017,125
22,6/30/2017,125
22,7/31/2017,125
22,8/31/2017,125
22,9/30/2017,125
22,10/31/2017,105
22,11/30/2017,105
23,1/1/2015,0
23,2/28/2015,0
23,3/31/2015,0
23,4/30/2015,0
23,5/31/2015,0
23,6/30/2015,0
23,7/31/2015,0
23,8/31/2015,0
23,9/30/2015,0
23,10/31/2015,29
23,11/30/2015,29
23,12/31/2015,29
23,1/31/2016,29
23,2/29/2016,29
23,3/31/2016,29
23,4/30/2016,29
23,5/31/2016,29
23,6/30/2016,0
23,7/31/2016,0
23,8/31/2016,0
23,9/30/2016,0
23,10/31/2016,0
23,11/30/2016,0
23,12/31/2016,0
23,1/31/2017,0
23,2/28/2017,0
23,3/31/2017,0
23,4/30/2017,0
23,5/31/2017,0
23,6/30/2017,0
23,7/31/2017,0
23,8/31/2017,0
23,9/30/2017,0
23,10/31/2017,0
23,11/30/2017,0
24,1/1/2015,0
24,2/28/2015,0
24,3/31/2015,0
24,4/30/2015,0
24,5/31/2015,0
24,6/30/2015,0
24,7/31/2015,0
24,8/31/2015,0
24,9/30/2015,0
24,10/31/2015,0
24,11/30/2015,1499.833333
24,12/31/2015,1499.833333
24,1/31/2016,3399.833333
24,2/29/2016,3399.833333
24,3/31/2016,3399.833333
24,4/30/2016,3399.833333
24,5/31/2016,3399.833333
24,6/30/2016,3399.833333
24,7/31/2016,3441.5
24,8/31/2016,3441.5
24,9/30/2016,3441.5
24,10/31/2016,0
24,11/30/2016,6558.5
24,12/31/2016,5000
24,1/31/2017,5000
24,2/28/2017,5000
24,3/31/2017,5000
24,4/30/2017,5000
24,5/31/2017,5500
24,6/30/2017,5500
24,7/31/2017,5500
24,8/31/2017,5500
24,9/30/2017,5500
24,10/31/2017,0
24,11/30/2017,5500
25,1/1/2015,0
25,2/28/2015,0
25,3/31/2015,0
25,4/30/2015,0
25,5/31/2015,0
25,6/30/2015,0
25,7/31/2015,0
25,8/31/2015,0
25,9/30/2015,0
25,10/31/2015,0
25,11/30/2015,279.3
25,12/31/2015,279.3
25,1/31/2016,279.3
25,2/29/2016,279.3
25,3/31/2016,279.3
25,4/30/2016,279.3
25,5/31/2016,279.3
25,6/30/2016,279.3
25,7/31/2016,279.3
25,8/31/2016,279.3
25,9/30/2016,279.3
25,10/31/2016,279.3
25,11/30/2016,279.3
25,12/31/2016,279.3
25,1/31/2017,279.3
25,2/28/2017,279.3
25,3/31/2017,279.3
25,4/30/2017,279.3
25,5/31/2017,279.3
25,6/30/2017,279.3
25,7/31/2017,279.3
25,8/31/2017,279.3
25,9/30/2017,279.3
25,10/31/2017,279.3
25,11/30/2017,279.3
26,1/1/2015,0
26,2/28/2015,0
26,3/31/2015,0
26,4/30/2015,0
26,5/31/2015,0
26,6/30/2015,0
26,7/31/2015,0
26,8/31/2015,0
26,9/30/2015,0
26,10/31/2015,0
26,11/30/2015,0
26,12/31/2015,0
26,1/31/2016,0
26,2/29/2016,0
26,3/31/2016,0
26,4/30/2016,0
26,5/31/2016,0
26,6/30/2016,0
26,7/31/2016,0
26,8/31/2016,0
26,9/30/2016,0
26,10/31/2016,0
26,11/30/2016,0
26,12/31/2016,0
26,1/31/2017,0
26,2/28/2017,0
26,3/31/2017,0
26,4/30/2017,0
26,5/31/2017,0
26,6/30/2017,0
26,7/31/2017,0
26,8/31/2017,0
26,9/30/2017,0
26,10/31/2017,0
26,11/30/2017,0
27,1/1/2015,0
27,2/28/2015,0
27,3/31/2015,0
27,4/30/2015,0
27,5/31/2015,0
27,6/30/2015,0
27,7/31/2015,0
27,8/31/2015,0
27,9/30/2015,0
27,10/31/2015,0
27,11/30/2015,0
27,12/31/2015,54
27,1/31/2016,54
27,2/29/2016,54
27,3/31/2016,54
27,4/30/2016,54
27,5/31/2016,54
27,6/30/2016,54
27,7/31/2016,54
27,8/31/2016,54
27,9/30/2016,54
27,10/31/2016,54
27,11/30/2016,54
27,12/31/2016,54
27,1/31/2017,54
27,2/28/2017,54
27,3/31/2017,54
27,4/30/2017,54
27,5/31/2017,54
27,6/30/2017,54
27,7/31/2017,54
27,8/31/2017,54
27,9/30/2017,54
27,10/31/2017,54
27,11/30/2017,54
28,1/1/2015,0
28,2/28/2015,0
28,3/31/2015,0
28,4/30/2015,0
28,5/31/2015,0
28,6/30/2015,0
28,7/31/2015,0
28,8/31/2015,0
28,9/30/2015,0
28,10/31/2015,0
28,11/30/2015,0
28,12/31/2015,0
28,1/31/2016,419.25
28,2/29/2016,419.25
28,3/31/2016,419.25
28,4/30/2016,419.25
28,5/31/2016,419.25
28,6/30/2016,419.25
28,7/31/2016,419.25
28,8/31/2016,419.25
28,9/30/2016,419.25
28,10/31/2016,419.25
28,11/30/2016,868.38
28,12/31/2016,868.38
28,1/31/2017,868.38
28,2/28/2017,0
28,3/31/2017,0
28,4/30/2017,0
28,5/31/2017,0
28,6/30/2017,0
28,7/31/2017,0
28,8/31/2017,0
28,9/30/2017,0
28,10/31/2017,0
28,11/30/2017,0
29,1/1/2015,0
29,2/28/2015,0
29,3/31/2015,0
29,4/30/2015,0
29,5/31/2015,0
29,6/30/2015,0
29,7/31/2015,0
29,8/31/2015,0
29,9/30/2015,0
29,10/31/2015,0
29,11/30/2015,0
29,12/31/2015,0
29,1/31/2016,333.33
29,2/29/2016,333.33
29,3/31/2016,333.33
29,4/30/2016,333.33
29,5/31/2016,333.33
29,6/30/2016,333.33
29,7/31/2016,333.33
29,8/31/2016,333.33
29,9/30/2016,333.33
29,10/31/2016,333.33
29,11/30/2016,333.33
29,12/31/2016,333.33
29,1/31/2017,0
29,2/28/2017,0
29,3/31/2017,0
29,4/30/2017,0
29,5/31/2017,0
29,6/30/2017,0
29,7/31/2017,0
29,8/31/2017,0
29,9/30/2017,0
29,10/31/2017,0
29,11/30/2017,0
30,1/1/2015,0
30,2/28/2015,0
30,3/31/2015,0
30,4/30/2015,0
30,5/31/2015,0
30,6/30/2015,0
30,7/31/2015,0
30,8/31/2015,0
30,9/30/2015,0
30,10/31/2015,0
30,11/30/2015,0
30,12/31/2015,0
30,1/31/2016,0
30,2/29/2016,0
30,3/31/2016,802.75
30,4/30/2016,802.75
30,5/31/2016,802.75
30,6/30/2016,802.75
30,7/31/2016,802.75
30,8/31/2016,802.75
30,9/30/2016,802.75
30,10/31/2016,802.75
30,11/30/2016,802.75
30,12/31/2016,802.75
30,1/31/2017,802.75
30,2/28/2017,802.75
30,3/31/2017,802.75
30,4/30/2017,802.75
30,5/31/2017,802.75
30,6/30/2017,802.75
30,7/31/2017,802.75
30,8/31/2017,802.75
30,9/30/2017,802.75
30,10/31/2017,802.75
30,11/30/2017,802.75
31,1/1/2015,0
31,2/28/2015,0
31,3/31/2015,0
31,4/30/2015,0
31,5/31/2015,0
31,6/30/2015,0
31,7/31/2015,0
31,8/31/2015,0
31,9/30/2015,0
31,10/31/2015,0
31,11/30/2015,0
31,12/31/2015,0
31,1/31/2016,363.33
31,2/29/2016,363.33
31,3/31/2016,363.33
31,4/30/2016,363.33
31,5/31/2016,363.33
31,6/30/2016,363.33
31,7/31/2016,363.33
31,8/31/2016,363.33
31,9/30/2016,2506.39
31,10/31/2016,2506.39
31,11/30/2016,2506.39
31,12/31/2016,2506.39
31,1/31/2017,2506.39
31,2/28/2017,2506.39
31,3/31/2017,2506.39
31,4/30/2017,2506.39
31,5/31/2017,2506.39
31,6/30/2017,2506.39
31,7/31/2017,2506.39
31,8/31/2017,2506.39
31,9/30/2017,2506.39
31,10/31/2017,2506.39
31,11/30/2017,2506.39
32,1/1/2015,0
32,2/28/2015,0
32,3/31/2015,0
32,4/30/2015,0
32,5/31/2015,0
32,6/30/2015,0
32,7/31/2015,0
32,8/31/2015,0
32,9/30/2015,0
32,10/31/2015,0
32,11/30/2015,0
32,12/31/2015,0
32,1/31/2016,0
32,2/29/2016,279.3
32,3/31/2016,279.3
32,4/30/2016,279.3
32,5/31/2016,540.75
32,6/30/2016,540.75
32,7/31/2016,540.75
32,8/31/2016,540.75
32,9/30/2016,540.75
32,10/31/2016,540.75
32,11/30/2016,540.75
32,12/31/2016,540.75
32,1/31/2017,540.75
32,2/28/2017,540.75
32,3/31/2017,540.75
32,4/30/2017,540.75
32,5/31/2017,540.75
32,6/30/2017,540.75
32,7/31/2017,540.75
32,8/31/2017,540.75
32,9/30/2017,540.75
32,10/31/2017,540.75
32,11/30/2017,540.75
33,1/1/2015,0
33,2/28/2015,0
33,3/31/2015,0
33,4/30/2015,0
33,5/31/2015,0
33,6/30/2015,0
33,7/31/2015,0
33,8/31/2015,0
33,9/30/2015,0
33,10/31/2015,0
33,11/30/2015,0
33,12/31/2015,0
33,1/31/2016,0
33,2/29/2016,0
33,3/31/2016,0
33,4/30/2016,34
33,5/31/2016,34
33,6/30/2016,34
33,7/31/2016,34
33,8/31/2016,34
33,9/30/2016,41
33,10/31/2016,41
33,11/30/2016,41
33,12/31/2016,41
33,1/31/2017,41
33,2/28/2017,54
33,3/31/2017,0
33,4/30/2017,95
33,5/31/2017,54
33,6/30/2017,54
33,7/31/2017,54
33,8/31/2017,54
33,9/30/2017,54
33,10/31/2017,54
33,11/30/2017,54
34,1/1/2015,0
34,2/28/2015,0
34,3/31/2015,0
34,4/30/2015,0
34,5/31/2015,0
34,6/30/2015,0
34,7/31/2015,0
34,8/31/2015,0
34,9/30/2015,0
34,10/31/2015,0
34,11/30/2015,0
34,12/31/2015,0
34,1/31/2016,0
34,2/29/2016,0
34,3/31/2016,399
34,4/30/2016,399
34,5/31/2016,399
34,6/30/2016,399
34,7/31/2016,399
34,8/31/2016,399
34,9/30/2016,399
34,10/31/2016,399
34,11/30/2016,399
34,12/31/2016,399
34,1/31/2017,399
34,2/28/2017,399
34,3/31/2017,399
34,4/30/2017,399
34,5/31/2017,399
34,6/30/2017,399
34,7/31/2017,399
34,8/31/2017,399
34,9/30/2017,399
34,10/31/2017,399
34,11/30/2017,399
35,1/1/2015,0
35,2/28/2015,0
35,3/31/2015,0
35,4/30/2015,0
35,5/31/2015,0
35,6/30/2015,0
35,7/31/2015,0
35,8/31/2015,0
35,9/30/2015,0
35,10/31/2015,0
35,11/30/2015,0
35,12/31/2015,0
35,1/31/2016,0
35,2/29/2016,399
35,3/31/2016,399
35,4/30/2016,399
35,5/31/2016,399
35,6/30/2016,399
35,7/31/2016,399
35,8/31/2016,399
35,9/30/2016,399
35,10/31/2016,399
35,11/30/2016,399
35,12/31/2016,399
35,1/31/2017,399
35,2/28/2017,0
35,3/31/2017,0
35,4/30/2017,0
35,5/31/2017,0
35,6/30/2017,0
35,7/31/2017,0
35,8/31/2017,0
35,9/30/2017,0
35,10/31/2017,0
35,11/30/2017,0
36,1/1/2015,0
36,2/28/2015,0
36,3/31/2015,0
36,4/30/2015,0
36,5/31/2015,0
36,6/30/2015,0
36,7/31/2015,0
36,8/31/2015,0
36,9/30/2015,0
36,10/31/2015,0
36,11/30/2015,0
36,12/31/2015,0
36,1/31/2016,0
36,2/29/2016,29
36,3/31/2016,29
36,4/30/2016,29
36,5/31/2016,29
36,6/30/2016,29
36,7/31/2016,29
36,8/31/2016,29
36,9/30/2016,29
36,10/31/2016,29
36,11/30/2016,29
36,12/31/2016,29
36,1/31/2017,29
36,2/28/2017,29
36,3/31/2017,29
36,4/30/2017,29
36,5/31/2017,29
36,6/30/2017,29
36,7/31/2017,29
36,8/31/2017,29
36,9/30/2017,29
36,10/31/2017,29
36,11/30/2017,29
37,1/1/2015,0
37,2/28/2015,0
37,3/31/2015,0
37,4/30/2015,0
37,5/31/2015,0
37,6/30/2015,0
37,7/31/2015,0
37,8/31/2015,0
37,9/30/2015,0
37,10/31/2015,0
37,11/30/2015,0
37,12/31/2015,0
37,1/31/2016,0
37,2/29/2016,0
37,3/31/2016,29
37,4/30/2016,29
37,5/31/2016,29
37,6/30/2016,29
37,7/31/2016,29
37,8/31/2016,29
37,9/30/2016,29
37,10/31/2016,29
37,11/30/2016,29
37,12/31/2016,29
37,1/31/2017,29
37,2/28/2017,29
37,3/31/2017,29
37,4/30/2017,29
37,5/31/2017,29
37,6/30/2017,29
37,7/31/2017,29
37,8/31/2017,29
37,9/30/2017,29
37,10/31/2017,29
37,11/30/2017,29
38,1/1/2015,0
38,2/28/2015,0
38,3/31/2015,0
38,4/30/2015,0
38,5/31/2015,0
38,6/30/2015,0
38,7/31/2015,0
38,8/31/2015,0
38,9/30/2015,0
38,10/31/2015,0
38,11/30/2015,0
38,12/31/2015,0
38,1/31/2016,0
38,2/29/2016,0
38,3/31/2016,29
38,4/30/2016,29
38,5/31/2016,29
38,6/30/2016,29
38,7/31/2016,29
38,8/31/2016,29
38,9/30/2016,29
38,10/31/2016,29
38,11/30/2016,29
38,12/31/2016,29
38,1/31/2017,29
38,2/28/2017,29
38,3/31/2017,29
38,4/30/2017,29
38,5/31/2017,29
38,6/30/2017,29
38,7/31/2017,29
38,8/31/2017,29
38,9/30/2017,29
38,10/31/2017,29
38,11/30/2017,29
39,1/1/2015,0
39,2/28/2015,0
39,3/31/2015,0
39,4/30/2015,0
39,5/31/2015,0
39,6/30/2015,0
39,7/31/2015,0
39,8/31/2015,0
39,9/30/2015,0
39,10/31/2015,0
39,11/30/2015,0
39,12/31/2015,0
39,1/31/2016,0
39,2/29/2016,0
39,3/31/2016,0
39,4/30/2016,0
39,5/31/2016,216.666667
39,6/30/2016,216.666667
39,7/31/2016,216.666667
39,8/31/2016,216.666667
39,9/30/2016,216.666667
39,10/31/2016,216.666667
39,11/30/2016,216.666667
39,12/31/2016,216.666667
39,1/31/2017,216.666667
39,2/28/2017,216.666667
39,3/31/2017,216.666667
39,4/30/2017,216.666667
39,5/31/2017,216.666667
39,6/30/2017,216.666667
39,7/31/2017,216.666667
39,8/31/2017,216.666667
39,9/30/2017,216.666667
39,10/31/2017,216.666667
39,11/30/2017,216.666667
40,1/1/2015,0
40,2/28/2015,0
40,3/31/2015,0
40,4/30/2015,0
40,5/31/2015,0
40,6/30/2015,0
40,7/31/2015,0
40,8/31/2015,0
40,9/30/2015,0
40,10/31/2015,0
40,11/30/2015,0
40,12/31/2015,0
40,1/31/2016,0
40,2/29/2016,0
40,3/31/2016,26.5
40,4/30/2016,26.5
40,5/31/2016,26.5
40,6/30/2016,26.5
40,7/31/2016,26.5
40,8/31/2016,26.5
40,9/30/2016,26.5
40,10/31/2016,26.5
40,11/30/2016,26.5
40,12/31/2016,26.5
40,1/31/2017,26.5
40,2/28/2017,26.5
40,3/31/2017,26.5
40,4/30/2017,26.5
40,5/31/2017,26.5
40,6/30/2017,26.5
40,7/31/2017,26.5
40,8/31/2017,26.5
40,9/30/2017,26.5
40,10/31/2017,26.5
40,11/30/2017,26.5
41,1/1/2015,0
41,2/28/2015,0
41,3/31/2015,0
41,4/30/2015,0
41,5/31/2015,0
41,6/30/2015,0
41,7/31/2015,0
41,8/31/2015,0
41,9/30/2015,0
41,10/31/2015,0
41,11/30/2015,0
41,12/31/2015,0
41,1/31/2016,0
41,2/29/2016,0
41,3/31/2016,0
41,4/30/2016,1023.67
41,5/31/2016,1023.67
41,6/30/2016,1023.67
41,7/31/2016,1023.67
41,8/31/2016,1023.67
41,9/30/2016,1023.67
41,10/31/2016,2736.33
41,11/30/2016,6496.33
41,12/31/2016,3760
41,1/31/2017,3760
41,2/28/2017,3760
41,3/31/2017,3760
41,4/30/2017,3760
41,5/31/2017,4843.333333
41,6/30/2017,5301.666667
41,7/31/2017,5301.666667
41,8/31/2017,5301.666667
41,9/30/2017,5301.666667
41,10/31/2017,0
41,11/30/2017,5301.667
42,1/1/2015,0
42,2/28/2015,0
42,3/31/2015,0
42,4/30/2015,0
42,5/31/2015,0
42,6/30/2015,0
42,7/31/2015,0
42,8/31/2015,0
42,9/30/2015,0
42,10/31/2015,0
42,11/30/2015,0
42,12/31/2015,0
42,1/31/2016,0
42,2/29/2016,0
42,3/31/2016,0
42,4/30/2016,29
42,5/31/2016,29
42,6/30/2016,29
42,7/31/2016,29
42,8/31/2016,29
42,9/30/2016,29
42,10/31/2016,29
42,11/30/2016,29
42,12/31/2016,29
42,1/31/2017,29
42,2/28/2017,29
42,3/31/2017,29
42,4/30/2017,29
42,5/31/2017,29
42,6/30/2017,29
42,7/31/2017,29
42,8/31/2017,29
42,9/30/2017,29
42,10/31/2017,29
42,11/30/2017,29
43,1/1/2015,0
43,2/28/2015,0
43,3/31/2015,0
43,4/30/2015,0
43,5/31/2015,0
43,6/30/2015,0
43,7/31/2015,0
43,8/31/2015,0
43,9/30/2015,0
43,10/31/2015,0
43,11/30/2015,0
43,12/31/2015,0
43,1/31/2016,0
43,2/29/2016,0
43,3/31/2016,279.3
43,4/30/2016,279.3
43,5/31/2016,279.3
43,6/30/2016,279.3
43,7/31/2016,279.3
43,8/31/2016,279.3
43,9/30/2016,279.3
43,10/31/2016,279.3
43,11/30/2016,279.3
43,12/31/2016,279.3
43,1/31/2017,279.3
43,2/28/2017,279.3
43,3/31/2017,279.3
43,4/30/2017,279.3
43,5/31/2017,279.3
43,6/30/2017,279.3
43,7/31/2017,279.3
43,8/31/2017,279.3
43,9/30/2017,279.3
43,10/31/2017,279.3
43,11/30/2017,279.3
44,1/1/2015,0
44,2/28/2015,0
44,3/31/2015,0
44,4/30/2015,0
44,5/31/2015,0
44,6/30/2015,0
44,7/31/2015,0
44,8/31/2015,0
44,9/30/2015,0
44,10/31/2015,0
44,11/30/2015,0
44,12/31/2015,0
44,1/31/2016,0
44,2/29/2016,0
44,3/31/2016,0
44,4/30/2016,279.25
44,5/31/2016,279.25
44,6/30/2016,279.25
44,7/31/2016,279.25
44,8/31/2016,2730.75
44,9/30/2016,1505
44,10/31/2016,1505
44,11/30/2016,1505
44,12/31/2016,1505
44,1/31/2017,1505
44,2/28/2017,1505
44,3/31/2017,1505
44,4/30/2017,1505
44,5/31/2017,1505
44,6/30/2017,1505
44,7/31/2017,1505
44,8/31/2017,1505
44,9/30/2017,1505
44,10/31/2017,1505
44,11/30/2017,1505
45,1/1/2015,0
45,2/28/2015,0
45,3/31/2015,0
45,4/30/2015,0
45,5/31/2015,0
45,6/30/2015,0
45,7/31/2015,0
45,8/31/2015,0
45,9/30/2015,0
45,10/31/2015,0
45,11/30/2015,0
45,12/31/2015,0
45,1/31/2016,0
45,2/29/2016,0
45,3/31/2016,0
45,4/30/2016,0
45,5/31/2016,0
45,6/30/2016,0
45,7/31/2016,0
45,8/31/2016,0
45,9/30/2016,0
45,10/31/2016,0
45,11/30/2016,0
45,12/31/2016,530
45,1/31/2017,530
45,2/28/2017,530
45,3/31/2017,530
45,4/30/2017,530
45,5/31/2017,530
45,6/30/2017,530
45,7/31/2017,530
45,8/31/2017,530
45,9/30/2017,530
45,10/31/2017,530
45,11/30/2017,530
46,1/1/2015,0
46,2/28/2015,0
46,3/31/2015,0
46,4/30/2015,0
46,5/31/2015,0
46,6/30/2015,0
46,7/31/2015,0
46,8/31/2015,0
46,9/30/2015,0
46,10/31/2015,0
46,11/30/2015,0
46,12/31/2015,0
46,1/31/2016,0
46,2/29/2016,0
46,3/31/2016,0
46,4/30/2016,29
46,5/31/2016,29
46,6/30/2016,29
46,7/31/2016,29
46,8/31/2016,29
46,9/30/2016,29
46,10/31/2016,29
46,11/30/2016,29
46,12/31/2016,29
46,1/31/2017,29
46,2/28/2017,29
46,3/31/2017,29
46,4/30/2017,29
46,5/31/2017,29
46,6/30/2017,29
46,7/31/2017,29
46,8/31/2017,29
46,9/30/2017,29
46,10/31/2017,29
46,11/30/2017,29
47,1/1/2015,0
47,2/28/2015,0
47,3/31/2015,0
47,4/30/2015,0
47,5/31/2015,0
47,6/30/2015,0
47,7/31/2015,0
47,8/31/2015,0
47,9/30/2015,0
47,10/31/2015,0
47,11/30/2015,0
47,12/31/2015,0
47,1/31/2016,0
47,2/29/2016,0
47,3/31/2016,0
47,4/30/2016,0
47,5/31/2016,279.3
47,6/30/2016,279.3
47,7/31/2016,279.3
47,8/31/2016,279.3
47,9/30/2016,279.3
47,10/31/2016,279.3
47,11/30/2016,279.3
47,12/31/2016,279.3
47,1/31/2017,279.3
47,2/28/2017,279.3
47,3/31/2017,279.3
47,4/30/2017,279.3
47,5/31/2017,279.3
47,6/30/2017,279.3
47,7/31/2017,279.3
47,8/31/2017,279.3
47,9/30/2017,279.3
47,10/31/2017,279.3
47,11/30/2017,279.3
48,1/1/2015,0
48,2/28/2015,0
48,3/31/2015,0
48,4/30/2015,0
48,5/31/2015,0
48,6/30/2015,0
48,7/31/2015,0
48,8/31/2015,0
48,9/30/2015,0
48,10/31/2015,0
48,11/30/2015,0
48,12/31/2015,0
48,1/31/2016,0
48,2/29/2016,0
48,3/31/2016,0
48,4/30/2016,0
48,5/31/2016,749
48,6/30/2016,749
48,7/31/2016,749
48,8/31/2016,749
48,9/30/2016,749
48,10/31/2016,749
48,11/30/2016,749
48,12/31/2016,749
48,1/31/2017,749
48,2/28/2017,749
48,3/31/2017,749
48,4/30/2017,749
48,5/31/2017,1099
48,6/30/2017,1099
48,7/31/2017,1099
48,8/31/2017,1099
48,9/30/2017,1099
48,10/31/2017,1099
48,11/30/2017,1099
49,1/1/2015,0
49,2/28/2015,0
49,3/31/2015,0
49,4/30/2015,0
49,5/31/2015,0
49,6/30/2015,0
49,7/31/2015,0
49,8/31/2015,0
49,9/30/2015,0
49,10/31/2015,0
49,11/30/2015,0
49,12/31/2015,0
49,1/31/2016,0
49,2/29/2016,0
49,3/31/2016,0
49,4/30/2016,0
49,5/31/2016,245
49,6/30/2016,245
49,7/31/2016,245
49,8/31/2016,490
49,9/30/2016,490
49,10/31/2016,490
49,11/30/2016,490
49,12/31/2016,490
49,1/31/2017,490
49,2/28/2017,490
49,3/31/2017,490
49,4/30/2017,0
49,5/31/2017,0
49,6/30/2017,1960
49,7/31/2017,1960
49,8/31/2017,1960
49,9/30/2017,1960
49,10/31/2017,1960
49,11/30/2017,1960
50,1/1/2015,0
50,2/28/2015,0
50,3/31/2015,0
50,4/30/2015,0
50,5/31/2015,0
50,6/30/2015,0
50,7/31/2015,0
50,8/31/2015,0
50,9/30/2015,0
50,10/31/2015,0
50,11/30/2015,0
50,12/31/2015,0
50,1/31/2016,0
50,2/29/2016,0
50,3/31/2016,0
50,4/30/2016,0
50,5/31/2016,0
50,6/30/2016,0
50,7/31/2016,0
50,8/31/2016,0
50,9/30/2016,0
50,10/31/2016,0
50,11/30/2016,0
50,12/31/2016,0
50,1/31/2017,0
50,2/28/2017,0
50,3/31/2017,0
50,4/30/2017,0
50,5/31/2017,1750
50,6/30/2017,1750
50,7/31/2017,1750
50,8/31/2017,1750
50,9/30/2017,1750
50,10/31/2017,1750
50,11/30/2017,1750
51,1/1/2015,0
51,2/28/2015,0
51,3/31/2015,0
51,4/30/2015,0
51,5/31/2015,0
51,6/30/2015,0
51,7/31/2015,0
51,8/31/2015,0
51,9/30/2015,0
51,10/31/2015,0
51,11/30/2015,0
51,12/31/2015,0
51,1/31/2016,0
51,2/29/2016,0
51,3/31/2016,0
51,4/30/2016,0
51,5/31/2016,1341.083333
51,6/30/2016,1341.083333
51,7/31/2016,1341.083333
51,8/31/2016,1341.083333
51,9/30/2016,1341.083333
51,10/31/2016,1341.083333
51,11/30/2016,1341.083333
51,12/31/2016,1341.083333
51,1/31/2017,1835.833333
51,2/28/2017,1835.833333
51,3/31/2017,1835.833333
51,4/30/2017,0
51,5/31/2017,2241.01
51,6/30/2017,2241.01
51,7/31/2017,2241.01
51,8/31/2017,2241.01
51,9/30/2017,2241.01
51,10/31/2017,2241.01
51,11/30/2017,2241.01
52,1/1/2015,0
52,2/28/2015,0
52,3/31/2015,0
52,4/30/2015,0
52,5/31/2015,0
52,6/30/2015,0
52,7/31/2015,0
52,8/31/2015,0
52,9/30/2015,0
52,10/31/2015,0
52,11/30/2015,0
52,12/31/2015,0
52,1/31/2016,0
52,2/29/2016,0
52,3/31/2016,0
52,4/30/2016,0
52,5/31/2016,255.6925
52,6/30/2016,255.6925
52,7/31/2016,255.6925
52,8/31/2016,255.6925
52,9/30/2016,255.6925
52,10/31/2016,255.6925
52,11/30/2016,255.6925
52,12/31/2016,255.6925
52,1/31/2017,255.6925
52,2/28/2017,255.6925
52,3/31/2017,255.6925
52,4/30/2017,255.6925
52,5/31/2017,255.6925
52,6/30/2017,255.6925
52,7/31/2017,255.6925
52,8/31/2017,255.6925
52,9/30/2017,255.6925
52,10/31/2017,255.6925
52,11/30/2017,255.6925
53,1/1/2015,0
53,2/28/2015,0
53,3/31/2015,0
53,4/30/2015,0
53,5/31/2015,0
53,6/30/2015,0
53,7/31/2015,0
53,8/31/2015,0
53,9/30/2015,0
53,10/31/2015,0
53,11/30/2015,0
53,12/31/2015,0
53,1/31/2016,0
53,2/29/2016,0
53,3/31/2016,0
53,4/30/2016,0
53,5/31/2016,29
53,6/30/2016,29
53,7/31/2016,29
53,8/31/2016,29
53,9/30/2016,29
53,10/31/2016,29
53,11/30/2016,29
53,12/31/2016,29
53,1/31/2017,29
53,2/28/2017,29
53,3/31/2017,29
53,4/30/2017,0
53,5/31/2017,0
53,6/30/2017,0
53,7/31/2017,0
53,8/31/2017,0
53,9/30/2017,0
53,10/31/2017,0
53,11/30/2017,0
54,1/1/2015,0
54,2/28/2015,0
54,3/31/2015,0
54,4/30/2015,0
54,5/31/2015,0
54,6/30/2015,0
54,7/31/2015,0
54,8/31/2015,0
54,9/30/2015,0
54,10/31/2015,0
54,11/30/2015,0
54,12/31/2015,0
54,1/31/2016,0
54,2/29/2016,0
54,3/31/2016,0
54,4/30/2016,0
54,5/31/2016,24.25
54,6/30/2016,24.25
54,7/31/2016,24.25
54,8/31/2016,24.25
54,9/30/2016,24.25
54,10/31/2016,24.25
54,11/30/2016,24.25
54,12/31/2016,24.25
54,1/31/2017,24.25
54,2/28/2017,24.25
54,3/31/2017,24.25
54,4/30/2017,24.25
54,5/31/2017,24.25
54,6/30/2017,24.25
54,7/31/2017,24.25
54,8/31/2017,24.25
54,9/30/2017,24.25
54,10/31/2017,24.25
54,11/30/2017,24.25
55,1/1/2015,0
55,2/28/2015,0
55,3/31/2015,0
55,4/30/2015,0
55,5/31/2015,0
55,6/30/2015,0
55,7/31/2015,0
55,8/31/2015,0
55,9/30/2015,0
55,10/31/2015,0
55,11/30/2015,0
55,12/31/2015,0
55,1/31/2016,0
55,2/29/2016,0
55,3/31/2016,0
55,4/30/2016,0
55,5/31/2016,29
55,6/30/2016,29
55,7/31/2016,29
55,8/31/2016,29
55,9/30/2016,29
55,10/31/2016,29
55,11/30/2016,29
55,12/31/2016,29
55,1/31/2017,29
55,2/28/2017,29
55,3/31/2017,29
55,4/30/2017,29
55,5/31/2017,29
55,6/30/2017,29
55,7/31/2017,29
55,8/31/2017,29
55,9/30/2017,29
55,10/31/2017,29
55,11/30/2017,29
56,1/1/2015,0
56,2/28/2015,0
56,3/31/2015,0
56,4/30/2015,0
56,5/31/2015,0
56,6/30/2015,0
56,7/31/2015,0
56,8/31/2015,0
56,9/30/2015,0
56,10/31/2015,0
56,11/30/2015,0
56,12/31/2015,0
56,1/31/2016,0
56,2/29/2016,0
56,3/31/2016,0
56,4/30/2016,0
56,5/31/2016,0
56,6/30/2016,0
56,7/31/2016,399
56,8/31/2016,399
56,9/30/2016,399
56,10/31/2016,1200
56,11/30/2016,1200
56,12/31/2016,1200
56,1/31/2017,1200
56,2/28/2017,1200
56,3/31/2017,1200
56,4/30/2017,1200
56,5/31/2017,1200
56,6/30/2017,1200
56,7/31/2017,1200
56,8/31/2017,1200
56,9/30/2017,1200
56,10/31/2017,1200
56,11/30/2017,1200
57,1/1/2015,0
57,2/28/2015,0
57,3/31/2015,0
57,4/30/2015,0
57,5/31/2015,0
57,6/30/2015,0
57,7/31/2015,0
57,8/31/2015,0
57,9/30/2015,0
57,10/31/2015,0
57,11/30/2015,0
57,12/31/2015,0
57,1/31/2016,0
57,2/29/2016,0
57,3/31/2016,0
57,4/30/2016,0
57,5/31/2016,26
57,6/30/2016,26
57,7/31/2016,26
57,8/31/2016,26
57,9/30/2016,26
57,10/31/2016,26
57,11/30/2016,26
57,12/31/2016,26
57,1/31/2017,26
57,2/28/2017,26
57,3/31/2017,26
57,4/30/2017,26
57,5/31/2017,26
57,6/30/2017,26
57,7/31/2017,26
57,8/31/2017,26
57,9/30/2017,26
57,10/31/2017,26
57,11/30/2017,26
58,1/1/2015,0
58,2/28/2015,0
58,3/31/2015,0
58,4/30/2015,0
58,5/31/2015,0
58,6/30/2015,0
58,7/31/2015,0
58,8/31/2015,0
58,9/30/2015,0
58,10/31/2015,0
58,11/30/2015,0
58,12/31/2015,0
58,1/31/2016,0
58,2/29/2016,0
58,3/31/2016,0
58,4/30/2016,0
58,5/31/2016,0
58,6/30/2016,400.5
58,7/31/2016,400.5
58,8/31/2016,400.5
58,9/30/2016,400.5
58,10/31/2016,400.5
58,11/30/2016,400.5
58,12/31/2016,400.5
58,1/31/2017,400.5
58,2/28/2017,400.5
58,3/31/2017,400.5
58,4/30/2017,400.5
58,5/31/2017,0
58,6/30/2017,0
58,7/31/2017,0
58,8/31/2017,0
58,9/30/2017,0
58,10/31/2017,0
58,11/30/2017,0
59,1/1/2015,0
59,2/28/2015,0
59,3/31/2015,0
59,4/30/2015,0
59,5/31/2015,0
59,6/30/2015,0
59,7/31/2015,0
59,8/31/2015,0
59,9/30/2015,0
59,10/31/2015,0
59,11/30/2015,0
59,12/31/2015,0
59,1/31/2016,0
59,2/29/2016,0
59,3/31/2016,0
59,4/30/2016,0
59,5/31/2016,0
59,6/30/2016,358.333333
59,7/31/2016,358.333333
59,8/31/2016,358.333333
59,9/30/2016,358.333333
59,10/31/2016,358.333333
59,11/30/2016,358.333333
59,12/31/2016,358.333333
59,1/31/2017,358.333333
59,2/28/2017,358.333333
59,3/31/2017,358.333333
59,4/30/2017,358.333333
59,5/31/2017,358.333333
59,6/30/2017,358.333333
59,7/31/2017,358.333333
59,8/31/2017,358.333333
59,9/30/2017,358.333333
59,10/31/2017,358.333333
59,11/30/2017,358.333333
60,1/1/2015,0
60,2/28/2015,0
60,3/31/2015,0
60,4/30/2015,0
60,5/31/2015,0
60,6/30/2015,0
60,7/31/2015,0
60,8/31/2015,0
60,9/30/2015,0
60,10/31/2015,0
60,11/30/2015,0
60,12/31/2015,0
60,1/31/2016,0
60,2/29/2016,0
60,3/31/2016,0
60,4/30/2016,0
60,5/31/2016,0
60,6/30/2016,33.167
60,7/31/2016,33.167
60,8/31/2016,33.167
60,9/30/2016,33.167
60,10/31/2016,33.167
60,11/30/2016,33.167
60,12/31/2016,33.167
60,1/31/2017,33.167
60,2/28/2017,33.167
60,3/31/2017,33.167
60,4/30/2017,33.167
60,5/31/2017,33.167
60,6/30/2017,33.167
60,7/31/2017,33.167
60,8/31/2017,33.167
60,9/30/2017,33.167
60,10/31/2017,33.167
60,11/30/2017,33.167
61,1/1/2015,0
61,2/28/2015,0
61,3/31/2015,0
61,4/30/2015,0
61,5/31/2015,0
61,6/30/2015,0
61,7/31/2015,0
61,8/31/2015,0
61,9/30/2015,0
61,10/31/2015,0
61,11/30/2015,0
61,12/31/2015,0
61,1/31/2016,0
61,2/29/2016,0
61,3/31/2016,0
61,4/30/2016,0
61,5/31/2016,0
61,6/30/2016,0
61,7/31/2016,0
61,8/31/2016,0
61,9/30/2016,0
61,10/31/2016,0
61,11/30/2016,0
61,12/31/2016,0
61,1/31/2017,0
61,2/28/2017,1979.666667
61,3/31/2017,1979.666667
61,4/30/2017,1979.666667
61,5/31/2017,1979.666667
61,6/30/2017,1979.666667
61,7/31/2017,1979.666667
61,8/31/2017,1979.666667
61,9/30/2017,1979.666667
61,10/31/2017,1979.666667
61,11/30/2017,1979.666667
62,1/1/2015,0
62,2/28/2015,0
62,3/31/2015,0
62,4/30/2015,0
62,5/31/2015,0
62,6/30/2015,0
62,7/31/2015,0
62,8/31/2015,0
62,9/30/2015,0
62,10/31/2015,0
62,11/30/2015,0
62,12/31/2015,0
62,1/31/2016,0
62,2/29/2016,0
62,3/31/2016,0
62,4/30/2016,0
62,5/31/2016,0
62,6/30/2016,0
62,7/31/2016,549
62,8/31/2016,549
62,9/30/2016,549
62,10/31/2016,549
62,11/30/2016,549
62,12/31/2016,549
62,1/31/2017,549
62,2/28/2017,549
62,3/31/2017,549
62,4/30/2017,549
62,5/31/2017,1165.667
62,6/30/2017,1867.667
62,7/31/2017,1516.667
62,8/31/2017,1516.667
62,9/30/2017,1516.667
62,10/31/2017,1516.667
62,11/30/2017,1516.667
63,1/1/2015,0
63,2/28/2015,0
63,3/31/2015,0
63,4/30/2015,0
63,5/31/2015,0
63,6/30/2015,0
63,7/31/2015,0
63,8/31/2015,0
63,9/30/2015,0
63,10/31/2015,0
63,11/30/2015,0
63,12/31/2015,0
63,1/31/2016,0
63,2/29/2016,0
63,3/31/2016,0
63,4/30/2016,0
63,5/31/2016,0
63,6/30/2016,29
63,7/31/2016,29
63,8/31/2016,29
63,9/30/2016,29
63,10/31/2016,29
63,11/30/2016,29
63,12/31/2016,29
63,1/31/2017,29
63,2/28/2017,29
63,3/31/2017,29
63,4/30/2017,29
63,5/31/2017,29
63,6/30/2017,29
63,7/31/2017,29
63,8/31/2017,29
63,9/30/2017,29
63,10/31/2017,29
63,11/30/2017,29
64,1/1/2015,0
64,2/28/2015,0
64,3/31/2015,0
64,4/30/2015,0
64,5/31/2015,0
64,6/30/2015,0
64,7/31/2015,0
64,8/31/2015,0
64,9/30/2015,0
64,10/31/2015,0
64,11/30/2015,0
64,12/31/2015,0
64,1/31/2016,0
64,2/29/2016,0
64,3/31/2016,0
64,4/30/2016,0
64,5/31/2016,0
64,6/30/2016,0
64,7/31/2016,239.4
64,8/31/2016,239.4
64,9/30/2016,239.4
64,10/31/2016,239.4
64,11/30/2016,239.4
64,12/31/2016,239.4
64,1/31/2017,239.4
64,2/28/2017,239.4
64,3/31/2017,239.4
64,4/30/2017,239.4
64,5/31/2017,239.4
64,6/30/2017,239.4
64,7/31/2017,0
64,8/31/2017,0
64,9/30/2017,0
64,10/31/2017,0
64,11/30/2017,0
65,1/1/2015,0
65,2/28/2015,0
65,3/31/2015,0
65,4/30/2015,0
65,5/31/2015,0
65,6/30/2015,0
65,7/31/2015,0
65,8/31/2015,0
65,9/30/2015,0
65,10/31/2015,0
65,11/30/2015,0
65,12/31/2015,0
65,1/31/2016,0
65,2/29/2016,0
65,3/31/2016,0
65,4/30/2016,0
65,5/31/2016,0
65,6/30/2016,666.666667
65,7/31/2016,666.666667
65,8/31/2016,666.666667
65,9/30/2016,666.666667
65,10/31/2016,666.666667
65,11/30/2016,666.666667
65,12/31/2016,666.666667
65,1/31/2017,666.666667
65,2/28/2017,666.666667
65,3/31/2017,666.666667
65,4/30/2017,666.666667
65,5/31/2017,666.666667
65,6/30/2017,666.666667
65,7/31/2017,666.666667
65,8/31/2017,666.666667
65,9/30/2017,666.666667
65,10/31/2017,666.666667
65,11/30/2017,666.666667
66,1/1/2015,0
66,2/28/2015,0
66,3/31/2015,0
66,4/30/2015,0
66,5/31/2015,0
66,6/30/2015,0
66,7/31/2015,0
66,8/31/2015,0
66,9/30/2015,0
66,10/31/2015,0
66,11/30/2015,0
66,12/31/2015,0
66,1/31/2016,0
66,2/29/2016,0
66,3/31/2016,0
66,4/30/2016,0
66,5/31/2016,0
66,6/30/2016,360.25
66,7/31/2016,360.25
66,8/31/2016,360.25
66,9/30/2016,360.25
66,10/31/2016,360.25
66,11/30/2016,360.25
66,12/31/2016,360.25
66,1/31/2017,360.25
66,2/28/2017,360.25
66,3/31/2017,360.25
66,4/30/2017,360.25
66,5/31/2017,360.25
66,6/30/2017,360.25
66,7/31/2017,360.25
66,8/31/2017,360.25
66,9/30/2017,360.25
66,10/31/2017,360.25
66,11/30/2017,360.25
67,1/1/2015,0
67,2/28/2015,0
67,3/31/2015,0
67,4/30/2015,0
67,5/31/2015,0
67,6/30/2015,0
67,7/31/2015,0
67,8/31/2015,0
67,9/30/2015,0
67,10/31/2015,0
67,11/30/2015,0
67,12/31/2015,0
67,1/31/2016,0
67,2/29/2016,0
67,3/31/2016,0
67,4/30/2016,0
67,5/31/2016,0
67,6/30/2016,26.19
67,7/31/2016,26.19
67,8/31/2016,26.19
67,9/30/2016,26.19
67,10/31/2016,53.35
67,11/30/2016,53.35
67,12/31/2016,53.35
67,1/31/2017,53.35
67,2/28/2017,53.35
67,3/31/2017,53.35
67,4/30/2017,53.35
67,5/31/2017,53.35
67,6/30/2017,53.82
67,7/31/2017,0
67,8/31/2017,0
67,9/30/2017,0
67,10/31/2017,0
67,11/30/2017,0
68,1/1/2015,0
68,2/28/2015,0
68,3/31/2015,0
68,4/30/2015,0
68,5/31/2015,0
68,6/30/2015,0
68,7/31/2015,0
68,8/31/2015,0
68,9/30/2015,0
68,10/31/2015,0
68,11/30/2015,0
68,12/31/2015,0
68,1/31/2016,0
68,2/29/2016,0
68,3/31/2016,0
68,4/30/2016,0
68,5/31/2016,0
68,6/30/2016,199
68,7/31/2016,199
68,8/31/2016,199
68,9/30/2016,199
68,10/31/2016,199
68,11/30/2016,199
68,12/31/2016,199
68,1/31/2017,199
68,2/28/2017,199
68,3/31/2017,199
68,4/30/2017,199
68,5/31/2017,199
68,6/30/2017,199
68,7/31/2017,199
68,8/31/2017,199
68,9/30/2017,199
68,10/31/2017,199
68,11/30/2017,199
69,1/1/2015,0
69,2/28/2015,0
69,3/31/2015,0
69,4/30/2015,0
69,5/31/2015,0
69,6/30/2015,0
69,7/31/2015,0
69,8/31/2015,0
69,9/30/2015,0
69,10/31/2015,0
69,11/30/2015,0
69,12/31/2015,0
69,1/31/2016,0
69,2/29/2016,0
69,3/31/2016,0
69,4/30/2016,0
69,5/31/2016,0
69,6/30/2016,0
69,7/31/2016,0
69,8/31/2016,0
69,9/30/2016,0
69,10/31/2016,0
69,11/30/2016,0
69,12/31/2016,0
69,1/31/2017,0
69,2/28/2017,0
69,3/31/2017,0
69,4/30/2017,0
69,5/31/2017,0
69,6/30/2017,0
69,7/31/2017,0
69,8/31/2017,0
69,9/30/2017,0
69,10/31/2017,0
69,11/30/2017,0
70,1/1/2015,0
70,2/28/2015,0
70,3/31/2015,0
70,4/30/2015,0
70,5/31/2015,0
70,6/30/2015,0
70,7/31/2015,0
70,8/31/2015,0
70,9/30/2015,0
70,10/31/2015,0
70,11/30/2015,0
70,12/31/2015,0
70,1/31/2016,0
70,2/29/2016,0
70,3/31/2016,0
70,4/30/2016,0
70,5/31/2016,0
70,6/30/2016,29
70,7/31/2016,29
70,8/31/2016,29
70,9/30/2016,29
70,10/31/2016,29
70,11/30/2016,29
70,12/31/2016,29
70,1/31/2017,29
70,2/28/2017,29
70,3/31/2017,29
70,4/30/2017,29
70,5/31/2017,29
70,6/30/2017,29
70,7/31/2017,29
70,8/31/2017,29
70,9/30/2017,29
70,10/31/2017,29
70,11/30/2017,29
71,1/1/2015,0
71,2/28/2015,0
71,3/31/2015,0
71,4/30/2015,0
71,5/31/2015,0
71,6/30/2015,0
71,7/31/2015,0
71,8/31/2015,0
71,9/30/2015,0
71,10/31/2015,0
71,11/30/2015,0
71,12/31/2015,0
71,1/31/2016,0
71,2/29/2016,0
71,3/31/2016,0
71,4/30/2016,0
71,5/31/2016,0
71,6/30/2016,0
71,7/31/2016,599
71,8/31/2016,599
71,9/30/2016,599
71,10/31/2016,599
71,11/30/2016,599
71,12/31/2016,599
71,1/31/2017,599
71,2/28/2017,599
71,3/31/2017,599
71,4/30/2017,599
71,5/31/2017,599
71,6/30/2017,599
71,7/31/2017,599
71,8/31/2017,599
71,9/30/2017,599
71,10/31/2017,599
71,11/30/2017,599
72,1/1/2015,0
72,2/28/2015,0
72,3/31/2015,0
72,4/30/2015,0
72,5/31/2015,0
72,6/30/2015,0
72,7/31/2015,0
72,8/31/2015,0
72,9/30/2015,0
72,10/31/2015,0
72,11/30/2015,0
72,12/31/2015,0
72,1/31/2016,0
72,2/29/2016,0
72,3/31/2016,0
72,4/30/2016,0
72,5/31/2016,0
72,6/30/2016,99
72,7/31/2016,99
72,8/31/2016,99
72,9/30/2016,99
72,10/31/2016,99
72,11/30/2016,99
72,12/31/2016,99
72,1/31/2017,99
72,2/28/2017,99
72,3/31/2017,99
72,4/30/2017,99
72,5/31/2017,99
72,6/30/2017,99
72,7/31/2017,99
72,8/31/2017,99
72,9/30/2017,99
72,10/31/2017,99
72,11/30/2017,99
73,1/1/2015,0
73,2/28/2015,0
73,3/31/2015,0
73,4/30/2015,0
73,5/31/2015,0
73,6/30/2015,0
73,7/31/2015,0
73,8/31/2015,0
73,9/30/2015,0
73,10/31/2015,0
73,11/30/2015,0
73,12/31/2015,0
73,1/31/2016,0
73,2/29/2016,0
73,3/31/2016,0
73,4/30/2016,0
73,5/31/2016,0
73,6/30/2016,0
73,7/31/2016,0
73,8/31/2016,0
73,9/30/2016,449
73,10/31/2016,449
73,11/30/2016,449
73,12/31/2016,449
73,1/31/2017,449
73,2/28/2017,449
73,3/31/2017,449
73,4/30/2017,449
73,5/31/2017,449
73,6/30/2017,449
73,7/31/2017,449
73,8/31/2017,449
73,9/30/2017,449
73,10/31/2017,449
73,11/30/2017,449
74,1/1/2015,0
74,2/28/2015,0
74,3/31/2015,0
74,4/30/2015,0
74,5/31/2015,0
74,6/30/2015,0
74,7/31/2015,0
74,8/31/2015,0
74,9/30/2015,0
74,10/31/2015,0
74,11/30/2015,0
74,12/31/2015,0
74,1/31/2016,0
74,2/29/2016,0
74,3/31/2016,0
74,4/30/2016,0
74,5/31/2016,0
74,6/30/2016,0
74,7/31/2016,227.13
74,8/31/2016,227.13
74,9/30/2016,227.13
74,10/31/2016,227.13
74,11/30/2016,227.13
74,12/31/2016,227.13
74,1/31/2017,227.13
74,2/28/2017,227.13
74,3/31/2017,227.13
74,4/30/2017,227.13
74,5/31/2017,227.13
74,6/30/2017,227.13
74,7/31/2017,227.13
74,8/31/2017,227.13
74,9/30/2017,227.13
74,10/31/2017,227.13
74,11/30/2017,227.13
75,1/1/2015,0
75,2/28/2015,0
75,3/31/2015,0
75,4/30/2015,0
75,5/31/2015,0
75,6/30/2015,0
75,7/31/2015,0
75,8/31/2015,0
75,9/30/2015,0
75,10/31/2015,0
75,11/30/2015,0
75,12/31/2015,0
75,1/31/2016,0
75,2/29/2016,0
75,3/31/2016,0
75,4/30/2016,0
75,5/31/2016,0
75,6/30/2016,0
75,7/31/2016,29
75,8/31/2016,29
75,9/30/2016,29
75,10/31/2016,29
75,11/30/2016,29
75,12/31/2016,29
75,1/31/2017,29
75,2/28/2017,29
75,3/31/2017,29
75,4/30/2017,29
75,5/31/2017,29
75,6/30/2017,29
75,7/31/2017,29
75,8/31/2017,29
75,9/30/2017,29
75,10/31/2017,29
75,11/30/2017,29
76,1/1/2015,0
76,2/28/2015,0
76,3/31/2015,0
76,4/30/2015,0
76,5/31/2015,0
76,6/30/2015,0
76,7/31/2015,0
76,8/31/2015,0
76,9/30/2015,0
76,10/31/2015,0
76,11/30/2015,0
76,12/31/2015,0
76,1/31/2016,0
76,2/29/2016,0
76,3/31/2016,0
76,4/30/2016,0
76,5/31/2016,0
76,6/30/2016,0
76,7/31/2016,55.372
76,8/31/2016,55.372
76,9/30/2016,55.372
76,10/31/2016,55.372
76,11/30/2016,55.372
76,12/31/2016,55.372
76,1/31/2017,55.372
76,2/28/2017,55.372
76,3/31/2017,55.372
76,4/30/2017,55.372
76,5/31/2017,55.372
76,6/30/2017,55.372
76,7/31/2017,55.372
76,8/31/2017,55.372
76,9/30/2017,55.372
76,10/31/2017,55.372
76,11/30/2017,55.372
77,1/1/2015,0
77,2/28/2015,0
77,3/31/2015,0
77,4/30/2015,0
77,5/31/2015,0
77,6/30/2015,0
77,7/31/2015,0
77,8/31/2015,0
77,9/30/2015,0
77,10/31/2015,0
77,11/30/2015,0
77,12/31/2015,0
77,1/31/2016,0
77,2/29/2016,0
77,3/31/2016,0
77,4/30/2016,0
77,5/31/2016,0
77,6/30/2016,0
77,7/31/2016,29
77,8/31/2016,29
77,9/30/2016,29
77,10/31/2016,29
77,11/30/2016,29
77,12/31/2016,29
77,1/31/2017,29
77,2/28/2017,29
77,3/31/2017,29
77,4/30/2017,29
77,5/31/2017,29
77,6/30/2017,29
77,7/31/2017,29
77,8/31/2017,29
77,9/30/2017,29
77,10/31/2017,29
77,11/30/2017,29
78,1/1/2015,0
78,2/28/2015,0
78,3/31/2015,0
78,4/30/2015,0
78,5/31/2015,0
78,6/30/2015,0
78,7/31/2015,0
78,8/31/2015,0
78,9/30/2015,0
78,10/31/2015,0
78,11/30/2015,0
78,12/31/2015,0
78,1/31/2016,0
78,2/29/2016,0
78,3/31/2016,0
78,4/30/2016,0
78,5/31/2016,0
78,6/30/2016,0
78,7/31/2016,221.775
78,8/31/2016,266.335
78,9/30/2016,266.335
78,10/31/2016,266.335
78,11/30/2016,266.335
78,12/31/2016,266.335
78,1/31/2017,266.335
78,2/28/2017,266.335
78,3/31/2017,266.335
78,4/30/2017,266.335
78,5/31/2017,266.335
78,6/30/2017,266.335
78,7/31/2017,267
78,8/31/2017,267
78,9/30/2017,267
78,10/31/2017,267
78,11/30/2017,267
79,1/1/2015,0
79,2/28/2015,0
79,3/31/2015,0
79,4/30/2015,0
79,5/31/2015,0
79,6/30/2015,0
79,7/31/2015,0
79,8/31/2015,0
79,9/30/2015,0
79,10/31/2015,0
79,11/30/2015,0
79,12/31/2015,0
79,1/31/2016,0
79,2/29/2016,0
79,3/31/2016,0
79,4/30/2016,0
79,5/31/2016,0
79,6/30/2016,0
79,7/31/2016,59
79,8/31/2016,59
79,9/30/2016,59
79,10/31/2016,59
79,11/30/2016,59
79,12/31/2016,59
79,1/31/2017,59
79,2/28/2017,59
79,3/31/2017,59
79,4/30/2017,59
79,5/31/2017,59
79,6/30/2017,59
79,7/31/2017,59
79,8/31/2017,59
79,9/30/2017,59
79,10/31/2017,59
79,11/30/2017,59
80,1/1/2015,0
80,2/28/2015,0
80,3/31/2015,0
80,4/30/2015,0
80,5/31/2015,0
80,6/30/2015,0
80,7/31/2015,0
80,8/31/2015,0
80,9/30/2015,0
80,10/31/2015,0
80,11/30/2015,0
80,12/31/2015,0
80,1/31/2016,0
80,2/29/2016,0
80,3/31/2016,0
80,4/30/2016,0
80,5/31/2016,0
80,6/30/2016,0
80,7/31/2016,0
80,8/31/2016,0
80,9/30/2016,0
80,10/31/2016,0
80,11/30/2016,0
80,12/31/2016,0
80,1/31/2017,0
80,2/28/2017,0
80,3/31/2017,0
80,4/30/2017,0
80,5/31/2017,0
80,6/30/2017,0
80,7/31/2017,0
80,8/31/2017,0
80,9/30/2017,0
80,10/31/2017,0
80,11/30/2017,0
81,1/1/2015,0
81,2/28/2015,0
81,3/31/2015,0
81,4/30/2015,0
81,5/31/2015,0
81,6/30/2015,0
81,7/31/2015,0
81,8/31/2015,0
81,9/30/2015,0
81,10/31/2015,0
81,11/30/2015,0
81,12/31/2015,0
81,1/31/2016,0
81,2/29/2016,0
81,3/31/2016,0
81,4/30/2016,0
81,5/31/2016,0
81,6/30/2016,0
81,7/31/2016,399
81,8/31/2016,399
81,9/30/2016,399
81,10/31/2016,399
81,11/30/2016,0
81,12/31/2016,399
81,1/31/2017,399
81,2/28/2017,399
81,3/31/2017,399
81,4/30/2017,399
81,5/31/2017,399
81,6/30/2017,399
81,7/31/2017,399
81,8/31/2017,399
81,9/30/2017,399
81,10/31/2017,399
81,11/30/2017,399
82,1/1/2015,0
82,2/28/2015,0
82,3/31/2015,0
82,4/30/2015,0
82,5/31/2015,0
82,6/30/2015,0
82,7/31/2015,0
82,8/31/2015,0
82,9/30/2015,0
82,10/31/2015,0
82,11/30/2015,0
82,12/31/2015,0
82,1/31/2016,0
82,2/29/2016,0
82,3/31/2016,0
82,4/30/2016,0
82,5/31/2016,0
82,6/30/2016,0
82,7/31/2016,886.31
82,8/31/2016,886.31
82,9/30/2016,886.31
82,10/31/2016,886.31
82,11/30/2016,886.31
82,12/31/2016,886.31
82,1/31/2017,886.31
82,2/28/2017,886.31
82,3/31/2017,886.31
82,4/30/2017,886.31
82,5/31/2017,886.31
82,6/30/2017,886.31
82,7/31/2017,886.31
82,8/31/2017,886.31
82,9/30/2017,886.31
82,10/31/2017,886.31
82,11/30/2017,886.31
83,1/1/2015,0
83,2/28/2015,0
83,3/31/2015,0
83,4/30/2015,0
83,5/31/2015,0
83,6/30/2015,0
83,7/31/2015,0
83,8/31/2015,0
83,9/30/2015,0
83,10/31/2015,0
83,11/30/2015,0
83,12/31/2015,0
83,1/31/2016,0
83,2/29/2016,0
83,3/31/2016,0
83,4/30/2016,0
83,5/31/2016,0
83,6/30/2016,0
83,7/31/2016,39
83,8/31/2016,39
83,9/30/2016,39
83,10/31/2016,39
83,11/30/2016,39
83,12/31/2016,39
83,1/31/2017,39
83,2/28/2017,39
83,3/31/2017,39
83,4/30/2017,39
83,5/31/2017,39
83,6/30/2017,39
83,7/31/2017,39
83,8/31/2017,39
83,9/30/2017,39
83,10/31/2017,39
83,11/30/2017,39
84,1/1/2015,0
84,2/28/2015,0
84,3/31/2015,0
84,4/30/2015,0
84,5/31/2015,0
84,6/30/2015,0
84,7/31/2015,0
84,8/31/2015,0
84,9/30/2015,0
84,10/31/2015,0
84,11/30/2015,0
84,12/31/2015,0
84,1/31/2016,0
84,2/29/2016,0
84,3/31/2016,0
84,4/30/2016,0
84,5/31/2016,0
84,6/30/2016,0
84,7/31/2016,0
84,8/31/2016,200
84,9/30/2016,200
84,10/31/2016,200
84,11/30/2016,757
84,12/31/2016,1714
84,1/31/2017,957
84,2/28/2017,957
84,3/31/2017,957
84,4/30/2017,957
84,5/31/2017,957
84,6/30/2017,957
84,7/31/2017,957
84,8/31/2017,957
84,9/30/2017,957
84,10/31/2017,957
84,11/30/2017,957
85,1/1/2015,0
85,2/28/2015,0
85,3/31/2015,0
85,4/30/2015,0
85,5/31/2015,0
85,6/30/2015,0
85,7/31/2015,0
85,8/31/2015,0
85,9/30/2015,0
85,10/31/2015,0
85,11/30/2015,0
85,12/31/2015,0
85,1/31/2016,0
85,2/29/2016,0
85,3/31/2016,0
85,4/30/2016,0
85,5/31/2016,0
85,6/30/2016,0
85,7/31/2016,0
85,8/31/2016,0
85,9/30/2016,0
85,10/31/2016,0
85,11/30/2016,0
85,12/31/2016,0
85,1/31/2017,0
85,2/28/2017,0
85,3/31/2017,0
85,4/30/2017,0
85,5/31/2017,0
85,6/30/2017,0
85,7/31/2017,0
85,8/31/2017,0
85,9/30/2017,0
85,10/31/2017,0
85,11/30/2017,0
86,1/1/2015,0
86,2/28/2015,0
86,3/31/2015,0
86,4/30/2015,0
86,5/31/2015,0
86,6/30/2015,0
86,7/31/2015,0
86,8/31/2015,0
86,9/30/2015,0
86,10/31/2015,0
86,11/30/2015,0
86,12/31/2015,0
86,1/31/2016,0
86,2/29/2016,0
86,3/31/2016,0
86,4/30/2016,0
86,5/31/2016,0
86,6/30/2016,0
86,7/31/2016,0
86,8/31/2016,279.333333
86,9/30/2016,279.333333
86,10/31/2016,279.333333
86,11/30/2016,279.333333
86,12/31/2016,279.333333
86,1/31/2017,279.333333
86,2/28/2017,279.333333
86,3/31/2017,279.333333
86,4/30/2017,279.333333
86,5/31/2017,279.333333
86,6/30/2017,279.333333
86,7/31/2017,279.333333
86,8/31/2017,279.333333
86,9/30/2017,279.333333
86,10/31/2017,279.333333
86,11/30/2017,279.333333
87,1/1/2015,0
87,2/28/2015,0
87,3/31/2015,0
87,4/30/2015,0
87,5/31/2015,0
87,6/30/2015,0
87,7/31/2015,0
87,8/31/2015,0
87,9/30/2015,0
87,10/31/2015,0
87,11/30/2015,0
87,12/31/2015,0
87,1/31/2016,0
87,2/29/2016,0
87,3/31/2016,0
87,4/30/2016,0
87,5/31/2016,0
87,6/30/2016,0
87,7/31/2016,0
87,8/31/2016,1065.666667
87,9/30/2016,1065.666667
87,10/31/2016,1065.666667
87,11/30/2016,1065.666667
87,12/31/2016,1065.666667
87,1/31/2017,1065.666667
87,2/28/2017,1065.666667
87,3/31/2017,2033.333327
87,4/30/2017,2033.333327
87,5/31/2017,2033.333327
87,6/30/2017,2033.333327
87,7/31/2017,2033.333327
87,8/31/2017,2033.333333
87,9/30/2017,2033.333333
87,10/31/2017,4133.333333
87,11/30/2017,3083.333333
88,1/1/2015,0
88,2/28/2015,0
88,3/31/2015,0
88,4/30/2015,0
88,5/31/2015,0
88,6/30/2015,0
88,7/31/2015,0
88,8/31/2015,0
88,9/30/2015,0
88,10/31/2015,0
88,11/30/2015,0
88,12/31/2015,0
88,1/31/2016,0
88,2/29/2016,0
88,3/31/2016,0
88,4/30/2016,0
88,5/31/2016,0
88,6/30/2016,0
88,7/31/2016,0
88,8/31/2016,18.5
88,9/30/2016,18.5
88,10/31/2016,18.5
88,11/30/2016,18.5
88,12/31/2016,18.5
88,1/31/2017,18.5
88,2/28/2017,18.5
88,3/31/2017,18.5
88,4/30/2017,18.5
88,5/31/2017,18.5
88,6/30/2017,18.5
88,7/31/2017,18.5
88,8/31/2017,18.5
88,9/30/2017,18.5
88,10/31/2017,18.5
88,11/30/2017,18.5
89,1/1/2015,0
89,2/28/2015,0
89,3/31/2015,0
89,4/30/2015,0
89,5/31/2015,0
89,6/30/2015,0
89,7/31/2015,0
89,8/31/2015,0
89,9/30/2015,0
89,10/31/2015,0
89,11/30/2015,0
89,12/31/2015,0
89,1/31/2016,0
89,2/29/2016,0
89,3/31/2016,0
89,4/30/2016,0
89,5/31/2016,0
89,6/30/2016,0
89,7/31/2016,0
89,8/31/2016,0
89,9/30/2016,0
89,10/31/2016,2040
89,11/30/2016,0
89,12/31/2016,2247
89,1/31/2017,2247
89,2/28/2017,2247
89,3/31/2017,2247
89,4/30/2017,2247
89,5/31/2017,0
89,6/30/2017,2247
89,7/31/2017,2247
89,8/31/2017,2247
89,9/30/2017,2247
89,10/31/2017,2247
89,11/30/2017,2247
90,1/1/2015,0
90,2/28/2015,0
90,3/31/2015,0
90,4/30/2015,0
90,5/31/2015,0
90,6/30/2015,0
90,7/31/2015,0
90,8/31/2015,0
90,9/30/2015,0
90,10/31/2015,0
90,11/30/2015,0
90,12/31/2015,0
90,1/31/2016,0
90,2/29/2016,0
90,3/31/2016,0
90,4/30/2016,0
90,5/31/2016,0
90,6/30/2016,0
90,7/31/2016,0
90,8/31/2016,700
90,9/30/2016,700
90,10/31/2016,700
90,11/30/2016,700
90,12/31/2016,700
90,1/31/2017,700
90,2/28/2017,700
90,3/31/2017,700
90,4/30/2017,700
90,5/31/2017,700
90,6/30/2017,700
90,7/31/2017,700
90,8/31/2017,335
90,9/30/2017,517.5
90,10/31/2017,517.5
90,11/30/2017,517.5
91,1/1/2015,0
91,2/28/2015,0
91,3/31/2015,0
91,4/30/2015,0
91,5/31/2015,0
91,6/30/2015,0
91,7/31/2015,0
91,8/31/2015,0
91,9/30/2015,0
91,10/31/2015,0
91,11/30/2015,0
91,12/31/2015,0
91,1/31/2016,0
91,2/29/2016,0
91,3/31/2016,0
91,4/30/2016,0
91,5/31/2016,0
91,6/30/2016,0
91,7/31/2016,0
91,8/31/2016,0
91,9/30/2016,0
91,10/31/2016,0
91,11/30/2016,0
91,12/31/2016,0
91,1/31/2017,0
91,2/28/2017,0
91,3/31/2017,0
91,4/30/2017,0
91,5/31/2017,0
91,6/30/2017,0
91,7/31/2017,0
91,8/31/2017,0
91,9/30/2017,0
91,10/31/2017,0
91,11/30/2017,0
92,1/1/2015,0
92,2/28/2015,0
92,3/31/2015,0
92,4/30/2015,0
92,5/31/2015,0
92,6/30/2015,0
92,7/31/2015,0
92,8/31/2015,0
92,9/30/2015,0
92,10/31/2015,0
92,11/30/2015,0
92,12/31/2015,0
92,1/31/2016,0
92,2/29/2016,0
92,3/31/2016,0
92,4/30/2016,0
92,5/31/2016,0
92,6/30/2016,0
92,7/31/2016,0
92,8/31/2016,0
92,9/30/2016,0
92,10/31/2016,0
92,11/30/2016,0
92,12/31/2016,0
92,1/31/2017,0
92,2/28/2017,0
92,3/31/2017,0
92,4/30/2017,0
92,5/31/2017,0
92,6/30/2017,0
92,7/31/2017,0
92,8/31/2017,0
92,9/30/2017,0
92,10/31/2017,0
92,11/30/2017,0
93,1/1/2015,0
93,2/28/2015,0
93,3/31/2015,0
93,4/30/2015,0
93,5/31/2015,0
93,6/30/2015,0
93,7/31/2015,0
93,8/31/2015,0
93,9/30/2015,0
93,10/31/2015,0
93,11/30/2015,0
93,12/31/2015,0
93,1/31/2016,0
93,2/29/2016,0
93,3/31/2016,0
93,4/30/2016,0
93,5/31/2016,0
93,6/30/2016,0
93,7/31/2016,0
93,8/31/2016,0
93,9/30/2016,450
93,10/31/2016,450
93,11/30/2016,450
93,12/31/2016,450
93,1/31/2017,450
93,2/28/2017,450
93,3/31/2017,450
93,4/30/2017,450
93,5/31/2017,450
93,6/30/2017,450
93,7/31/2017,450
93,8/31/2017,450
93,9/30/2017,450
93,10/31/2017,450
93,11/30/2017,450
94,1/1/2015,0
94,2/28/2015,0
94,3/31/2015,0
94,4/30/2015,0
94,5/31/2015,0
94,6/30/2015,0
94,7/31/2015,0
94,8/31/2015,0
94,9/30/2015,0
94,10/31/2015,0
94,11/30/2015,0
94,12/31/2015,0
94,1/31/2016,0
94,2/29/2016,0
94,3/31/2016,0
94,4/30/2016,0
94,5/31/2016,0
94,6/30/2016,0
94,7/31/2016,0
94,8/31/2016,0
94,9/30/2016,5507.86
94,10/31/2016,5507.86
94,11/30/2016,5507.86
94,12/31/2016,5507.86
94,1/31/2017,5507.86
94,2/28/2017,5507.86
94,3/31/2017,0
94,4/30/2017,9920.14
94,5/31/2017,7714
94,6/30/2017,7714
94,7/31/2017,7714
94,8/31/2017,7714
94,9/30/2017,8880.666667
94,10/31/2017,8880.666667
94,11/30/2017,8880.666667
95,1/1/2015,0
95,2/28/2015,0
95,3/31/2015,0
95,4/30/2015,0
95,5/31/2015,0
95,6/30/2015,0
95,7/31/2015,0
95,8/31/2015,0
95,9/30/2015,0
95,10/31/2015,0
95,11/30/2015,0
95,12/31/2015,0
95,1/31/2016,0
95,2/29/2016,0
95,3/31/2016,0
95,4/30/2016,0
95,5/31/2016,0
95,6/30/2016,0
95,7/31/2016,0
95,8/31/2016,0
95,9/30/2016,144
95,10/31/2016,144
95,11/30/2016,144
95,12/31/2016,144
95,1/31/2017,144
95,2/28/2017,144
95,3/31/2017,144
95,4/30/2017,144
95,5/31/2017,144
95,6/30/2017,144
95,7/31/2017,144
95,8/31/2017,144
95,9/30/2017,0
95,10/31/2017,0
95,11/30/2017,0
96,1/1/2015,0
96,2/28/2015,0
96,3/31/2015,0
96,4/30/2015,0
96,5/31/2015,0
96,6/30/2015,0
96,7/31/2015,0
96,8/31/2015,0
96,9/30/2015,0
96,10/31/2015,0
96,11/30/2015,0
96,12/31/2015,0
96,1/31/2016,0
96,2/29/2016,0
96,3/31/2016,0
96,4/30/2016,0
96,5/31/2016,0
96,6/30/2016,0
96,7/31/2016,0
96,8/31/2016,0
96,9/30/2016,0
96,10/31/2016,1125
96,11/30/2016,1125
96,12/31/2016,0
96,1/31/2017,6082.2
96,2/28/2017,3603.6
96,3/31/2017,3603.6
96,4/30/2017,3603.6
96,5/31/2017,3603.6
96,6/30/2017,3603.6
96,7/31/2017,3603.6
96,8/31/2017,3603.6
96,9/30/2017,3603.6
96,10/31/2017,3603.6
96,11/30/2017,0
97,1/1/2015,0
97,2/28/2015,0
97,3/31/2015,0
97,4/30/2015,0
97,5/31/2015,0
97,6/30/2015,0
97,7/31/2015,0
97,8/31/2015,0
97,9/30/2015,0
97,10/31/2015,0
97,11/30/2015,0
97,12/31/2015,0
97,1/31/2016,0
97,2/29/2016,0
97,3/31/2016,0
97,4/30/2016,0
97,5/31/2016,0
97,6/30/2016,0
97,7/31/2016,0
97,8/31/2016,0
97,9/30/2016,0
97,10/31/2016,300
97,11/30/2016,300
97,12/31/2016,300
97,1/31/2017,300
97,2/28/2017,300
97,3/31/2017,300
97,4/30/2017,300
97,5/31/2017,300
97,6/30/2017,300
97,7/31/2017,300
97,8/31/2017,300
97,9/30/2017,300
97,10/31/2017,300
97,11/30/2017,300
98,1/1/2015,0
98,2/28/2015,0
98,3/31/2015,0
98,4/30/2015,0
98,5/31/2015,0
98,6/30/2015,0
98,7/31/2015,0
98,8/31/2015,0
98,9/30/2015,0
98,10/31/2015,0
98,11/30/2015,0
98,12/31/2015,0
98,1/31/2016,0
98,2/29/2016,0
98,3/31/2016,0
98,4/30/2016,0
98,5/31/2016,0
98,6/30/2016,0
98,7/31/2016,0
98,8/31/2016,0
98,9/30/2016,0
98,10/31/2016,150
98,11/30/2016,150
98,12/31/2016,150
98,1/31/2017,150
98,2/28/2017,150
98,3/31/2017,150
98,4/30/2017,150
98,5/31/2017,150
98,6/30/2017,150
98,7/31/2017,150
98,8/31/2017,150
98,9/30/2017,150
98,10/31/2017,150
98,11/30/2017,150
99,1/1/2015,0
99,2/28/2015,0
99,3/31/2015,0
99,4/30/2015,0
99,5/31/2015,0
99,6/30/2015,0
99,7/31/2015,0
99,8/31/2015,0
99,9/30/2015,0
99,10/31/2015,0
99,11/30/2015,0
99,12/31/2015,0
99,1/31/2016,0
99,2/29/2016,0
99,3/31/2016,0
99,4/30/2016,0
99,5/31/2016,0
99,6/30/2016,0
99,7/31/2016,0
99,8/31/2016,0
99,9/30/2016,0
99,10/31/2016,0
99,11/30/2016,231.36
99,12/31/2016,231.36
99,1/31/2017,231.36
99,2/28/2017,231.36
99,3/31/2017,231.36
99,4/30/2017,231.36
99,5/31/2017,231.36
99,6/30/2017,231.36
99,7/31/2017,231.36
99,8/31/2017,231.36
99,9/30/2017,231.36
99,10/31/2017,231.36
99,11/30/2017,231.36
100,1/1/2015,0
100,2/28/2015,0
100,3/31/2015,0
100,4/30/2015,0
100,5/31/2015,0
100,6/30/2015,0
100,7/31/2015,0
100,8/31/2015,0
100,9/30/2015,0
100,10/31/2015,0
100,11/30/2015,0
100,12/31/2015,0
100,1/31/2016,0
100,2/29/2016,0
100,3/31/2016,0
100,4/30/2016,0
100,5/31/2016,0
100,6/30/2016,0
100,7/31/2016,0
100,8/31/2016,0
100,9/30/2016,0
100,10/31/2016,0
100,11/30/2016,0
100,12/31/2016,3990
100,1/31/2017,3990
100,2/28/2017,3990
100,3/31/2017,3990
100,4/30/2017,3990
100,5/31/2017,3990
100,6/30/2017,3990
100,7/31/2017,3990
100,8/31/2017,3990
100,9/30/2017,3990
100,10/31/2017,3990
100,11/30/2017,3990
101,1/1/2015,0
101,2/28/2015,0
101,3/31/2015,0
101,4/30/2015,0
101,5/31/2015,0
101,6/30/2015,0
101,7/31/2015,0
101,8/31/2015,0
101,9/30/2015,0
101,10/31/2015,0
101,11/30/2015,0
101,12/31/2015,0
101,1/31/2016,0
101,2/29/2016,0
101,3/31/2016,0
101,4/30/2016,0
101,5/31/2016,0
101,6/30/2016,0
101,7/31/2016,0
101,8/31/2016,0
101,9/30/2016,0
101,10/31/2016,0
101,11/30/2016,0
101,12/31/2016,0
101,1/31/2017,0
101,2/28/2017,1559
101,3/31/2017,1559
101,4/30/2017,1559
101,5/31/2017,1559
101,6/30/2017,1559
101,7/31/2017,1559
101,8/31/2017,1559
101,9/30/2017,1559
101,10/31/2017,1559
101,11/30/2017,0
102,1/1/2015,0
102,2/28/2015,0
102,3/31/2015,0
102,4/30/2015,0
102,5/31/2015,0
102,6/30/2015,0
102,7/31/2015,0
102,8/31/2015,0
102,9/30/2015,0
102,10/31/2015,0
102,11/30/2015,0
102,12/31/2015,0
102,1/31/2016,0
102,2/29/2016,0
102,3/31/2016,0
102,4/30/2016,0
102,5/31/2016,0
102,6/30/2016,0
102,7/31/2016,0
102,8/31/2016,0
102,9/30/2016,0
102,10/31/2016,0
102,11/30/2016,0
102,12/31/2016,122.5
102,1/31/2017,122.5
102,2/28/2017,122.5
102,3/31/2017,145.8333333
102,4/30/2017,145.8333333
102,5/31/2017,145.8333333
102,6/30/2017,145.8333333
102,7/31/2017,145.8333333
102,8/31/2017,145.8333333
102,9/30/2017,145.8333333
102,10/31/2017,145.8333333
102,11/30/2017,0
103,1/1/2015,0
103,2/28/2015,0
103,3/31/2015,0
103,4/30/2015,0
103,5/31/2015,0
103,6/30/2015,0
103,7/31/2015,0
103,8/31/2015,0
103,9/30/2015,0
103,10/31/2015,0
103,11/30/2015,0
103,12/31/2015,0
103,1/31/2016,0
103,2/29/2016,0
103,3/31/2016,0
103,4/30/2016,0
103,5/31/2016,0
103,6/30/2016,0
103,7/31/2016,0
103,8/31/2016,0
103,9/30/2016,0
103,10/31/2016,0
103,11/30/2016,0
103,12/31/2016,2804.76
103,1/31/2017,2804.76
103,2/28/2017,2804.76
103,3/31/2017,2804.76
103,4/30/2017,2804.76
103,5/31/2017,2804.76
103,6/30/2017,2804.76
103,7/31/2017,2804.76
103,8/31/2017,2804.76
103,9/30/2017,2804.76
103,10/31/2017,2804.76
103,11/30/2017,2804.76
104,1/1/2015,0
104,2/28/2015,0
104,3/31/2015,0
104,4/30/2015,0
104,5/31/2015,0
104,6/30/2015,0
104,7/31/2015,0
104,8/31/2015,0
104,9/30/2015,0
104,10/31/2015,0
104,11/30/2015,0
104,12/31/2015,0
104,1/31/2016,0
104,2/29/2016,0
104,3/31/2016,0
104,4/30/2016,0
104,5/31/2016,0
104,6/30/2016,0
104,7/31/2016,0
104,8/31/2016,0
104,9/30/2016,0
104,10/31/2016,0
104,11/30/2016,0
104,12/31/2016,0
104,1/31/2017,0
104,2/28/2017,2650
104,3/31/2017,2650
104,4/30/2017,2650
104,5/31/2017,0
104,6/30/2017,5684
104,7/31/2017,4167
104,8/31/2017,4167
104,9/30/2017,4167
104,10/31/2017,4167
104,11/30/2017,4167
105,1/1/2015,0
105,2/28/2015,0
105,3/31/2015,0
105,4/30/2015,0
105,5/31/2015,0
105,6/30/2015,0
105,7/31/2015,0
105,8/31/2015,0
105,9/30/2015,0
105,10/31/2015,0
105,11/30/2015,0
105,12/31/2015,0
105,1/31/2016,0
105,2/29/2016,0
105,3/31/2016,0
105,4/30/2016,0
105,5/31/2016,0
105,6/30/2016,0
105,7/31/2016,0
105,8/31/2016,0
105,9/30/2016,0
105,10/31/2016,0
105,11/30/2016,0
105,12/31/2016,182.48
105,1/31/2017,182.48
105,2/28/2017,182.48
105,3/31/2017,182.48
105,4/30/2017,182.48
105,5/31/2017,182.48
105,6/30/2017,182.48
105,7/31/2017,182.48
105,8/31/2017,182.48
105,9/30/2017,182.48
105,10/31/2017,182.48
105,11/30/2017,182.48
106,1/1/2015,0
106,2/28/2015,0
106,3/31/2015,0
106,4/30/2015,0
106,5/31/2015,0
106,6/30/2015,0
106,7/31/2015,0
106,8/31/2015,0
106,9/30/2015,0
106,10/31/2015,0
106,11/30/2015,0
106,12/31/2015,0
106,1/31/2016,0
106,2/29/2016,0
106,3/31/2016,0
106,4/30/2016,0
106,5/31/2016,0
106,6/30/2016,0
106,7/31/2016,0
106,8/31/2016,0
106,9/30/2016,0
106,10/31/2016,0
106,11/30/2016,0
106,12/31/2016,597.09
106,1/31/2017,597.09
106,2/28/2017,597.09
106,3/31/2017,597.09
106,4/30/2017,597.09
106,5/31/2017,597.09
106,6/30/2017,597.09
106,7/31/2017,597.09
106,8/31/2017,597.09
106,9/30/2017,597.09
106,10/31/2017,597.09
106,11/30/2017,597.09
107,1/1/2015,0
107,2/28/2015,0
107,3/31/2015,0
107,4/30/2015,0
107,5/31/2015,0
107,6/30/2015,0
107,7/31/2015,0
107,8/31/2015,0
107,9/30/2015,0
107,10/31/2015,0
107,11/30/2015,0
107,12/31/2015,0
107,1/31/2016,0
107,2/29/2016,0
107,3/31/2016,0
107,4/30/2016,0
107,5/31/2016,0
107,6/30/2016,0
107,7/31/2016,0
107,8/31/2016,0
107,9/30/2016,0
107,10/31/2016,0
107,11/30/2016,0
107,12/31/2016,2760.27
107,1/31/2017,2760.27
107,2/28/2017,2760.27
107,3/31/2017,2760.27
107,4/30/2017,2760.27
107,5/31/2017,2760.27
107,6/30/2017,2760.27
107,7/31/2017,2969.69
107,8/31/2017,2969.69
107,9/30/2017,2969.69
107,10/31/2017,2969.69
107,11/30/2017,3181.37
108,1/1/2015,0
108,2/28/2015,0
108,3/31/2015,0
108,4/30/2015,0
108,5/31/2015,0
108,6/30/2015,0
108,7/31/2015,0
108,8/31/2015,0
108,9/30/2015,0
108,10/31/2015,0
108,11/30/2015,0
108,12/31/2015,0
108,1/31/2016,0
108,2/29/2016,0
108,3/31/2016,0
108,4/30/2016,0
108,5/31/2016,0
108,6/30/2016,0
108,7/31/2016,0
108,8/31/2016,0
108,9/30/2016,0
108,10/31/2016,0
108,11/30/2016,0
108,12/31/2016,1098.4
108,1/31/2017,1098.4
108,2/28/2017,1098.4
108,3/31/2017,1098.4
108,4/30/2017,1098.4
108,5/31/2017,1098.4
108,6/30/2017,1098.4
108,7/31/2017,1098.4
108,8/31/2017,1098.4
108,9/30/2017,1098.4
108,10/31/2017,1098.4
108,11/30/2017,1098.4
109,1/1/2015,0
109,2/28/2015,0
109,3/31/2015,0
109,4/30/2015,0
109,5/31/2015,0
109,6/30/2015,0
109,7/31/2015,0
109,8/31/2015,0
109,9/30/2015,0
109,10/31/2015,0
109,11/30/2015,0
109,12/31/2015,0
109,1/31/2016,0
109,2/29/2016,0
109,3/31/2016,0
109,4/30/2016,0
109,5/31/2016,0
109,6/30/2016,0
109,7/31/2016,0
109,8/31/2016,0
109,9/30/2016,0
109,10/31/2016,0
109,11/30/2016,0
109,12/31/2016,700
109,1/31/2017,700
109,2/28/2017,700
109,3/31/2017,700
109,4/30/2017,700
109,5/31/2017,700
109,6/30/2017,700
109,7/31/2017,700
109,8/31/2017,700
109,9/30/2017,700
109,10/31/2017,700
109,11/30/2017,700
110,1/1/2015,0
110,2/28/2015,0
110,3/31/2015,0
110,4/30/2015,0
110,5/31/2015,0
110,6/30/2015,0
110,7/31/2015,0
110,8/31/2015,0
110,9/30/2015,0
110,10/31/2015,0
110,11/30/2015,0
110,12/31/2015,0
110,1/31/2016,0
110,2/29/2016,0
110,3/31/2016,0
110,4/30/2016,0
110,5/31/2016,0
110,6/30/2016,0
110,7/31/2016,0
110,8/31/2016,0
110,9/30/2016,0
110,10/31/2016,0
110,11/30/2016,0
110,12/31/2016,1433.33333
110,1/31/2017,1433.33333
110,2/28/2017,1433.33333
110,3/31/2017,1433.33333
110,4/30/2017,1433.33333
110,5/31/2017,1433.33333
110,6/30/2017,1433.33333
110,7/31/2017,1433.33333
110,8/31/2017,1433.33333
110,9/30/2017,1433.33333
110,10/31/2017,1433.33333
110,11/30/2017,1433.33333
111,1/1/2015,0
111,2/28/2015,0
111,3/31/2015,0
111,4/30/2015,0
111,5/31/2015,0
111,6/30/2015,0
111,7/31/2015,0
111,8/31/2015,0
111,9/30/2015,0
111,10/31/2015,0
111,11/30/2015,0
111,12/31/2015,0
111,1/31/2016,0
111,2/29/2016,0
111,3/31/2016,0
111,4/30/2016,0
111,5/31/2016,0
111,6/30/2016,0
111,7/31/2016,0
111,8/31/2016,0
111,9/30/2016,0
111,10/31/2016,0
111,11/30/2016,0
111,12/31/2016,200
111,1/31/2017,200
111,2/28/2017,200
111,3/31/2017,200
111,4/30/2017,200
111,5/31/2017,200
111,6/30/2017,200
111,7/31/2017,200
111,8/31/2017,200
111,9/30/2017,200
111,10/31/2017,200
111,11/30/2017,200
112,1/1/2015,0
112,2/28/2015,0
112,3/31/2015,0
112,4/30/2015,0
112,5/31/2015,0
112,6/30/2015,0
112,7/31/2015,0
112,8/31/2015,0
112,9/30/2015,0
112,10/31/2015,0
112,11/30/2015,0
112,12/31/2015,0
112,1/31/2016,0
112,2/29/2016,0
112,3/31/2016,0
112,4/30/2016,0
112,5/31/2016,0
112,6/30/2016,0
112,7/31/2016,0
112,8/31/2016,0
112,9/30/2016,0
112,10/31/2016,0
112,11/30/2016,0
112,12/31/2016,0
112,1/31/2017,100
112,2/28/2017,100
112,3/31/2017,100
112,4/30/2017,100
112,5/31/2017,100
112,6/30/2017,100
112,7/31/2017,100
112,8/31/2017,100
112,9/30/2017,100
112,10/31/2017,100
112,11/30/2017,100
113,1/1/2015,0
113,2/28/2015,0
113,3/31/2015,0
113,4/30/2015,0
113,5/31/2015,0
113,6/30/2015,0
113,7/31/2015,0
113,8/31/2015,0
113,9/30/2015,0
113,10/31/2015,0
113,11/30/2015,0
113,12/31/2015,0
113,1/31/2016,0
113,2/29/2016,0
113,3/31/2016,0
113,4/30/2016,0
113,5/31/2016,0
113,6/30/2016,0
113,7/31/2016,0
113,8/31/2016,0
113,9/30/2016,0
113,10/31/2016,0
113,11/30/2016,0
113,12/31/2016,0
113,1/31/2017,2273
113,2/28/2017,2273
113,3/31/2017,2273
113,4/30/2017,2273
113,5/31/2017,2273
113,6/30/2017,2273
113,7/31/2017,2273
113,8/31/2017,2273
113,9/30/2017,2273
113,10/31/2017,2273
113,11/30/2017,2273
114,1/1/2015,0
114,2/28/2015,0
114,3/31/2015,0
114,4/30/2015,0
114,5/31/2015,0
114,6/30/2015,0
114,7/31/2015,0
114,8/31/2015,0
114,9/30/2015,0
114,10/31/2015,0
114,11/30/2015,0
114,12/31/2015,0
114,1/31/2016,0
114,2/29/2016,0
114,3/31/2016,0
114,4/30/2016,0
114,5/31/2016,0
114,6/30/2016,0
114,7/31/2016,0
114,8/31/2016,0
114,9/30/2016,0
114,10/31/2016,0
114,11/30/2016,0
114,12/31/2016,0
114,1/31/2017,0
114,2/28/2017,0
114,3/31/2017,0
114,4/30/2017,0
114,5/31/2017,0
114,6/30/2017,0
114,7/31/2017,0
114,8/31/2017,0
114,9/30/2017,0
114,10/31/2017,0
114,11/30/2017,0
115,1/1/2015,0
115,2/28/2015,0
115,3/31/2015,0
115,4/30/2015,0
115,5/31/2015,0
115,6/30/2015,0
115,7/31/2015,0
115,8/31/2015,0
115,9/30/2015,0
115,10/31/2015,0
115,11/30/2015,0
115,12/31/2015,0
115,1/31/2016,0
115,2/29/2016,0
115,3/31/2016,0
115,4/30/2016,0
115,5/31/2016,0
115,6/30/2016,0
115,7/31/2016,0
115,8/31/2016,0
115,9/30/2016,0
115,10/31/2016,0
115,11/30/2016,0
115,12/31/2016,0
115,1/31/2017,0
115,2/28/2017,931.27
115,3/31/2017,931.27
115,4/30/2017,931.27
115,5/31/2017,931.27
115,6/30/2017,931.27
115,7/31/2017,931.27
115,8/31/2017,931.27
115,9/30/2017,931.27
115,10/31/2017,931.27
115,11/30/2017,931.27
116,1/1/2015,0
116,2/28/2015,0
116,3/31/2015,0
116,4/30/2015,0
116,5/31/2015,0
116,6/30/2015,0
116,7/31/2015,0
116,8/31/2015,0
116,9/30/2015,0
116,10/31/2015,0
116,11/30/2015,0
116,12/31/2015,0
116,1/31/2016,0
116,2/29/2016,0
116,3/31/2016,0
116,4/30/2016,0
116,5/31/2016,0
116,6/30/2016,0
116,7/31/2016,0
116,8/31/2016,0
116,9/30/2016,0
116,10/31/2016,0
116,11/30/2016,0
116,12/31/2016,0
116,1/31/2017,0
116,2/28/2017,450
116,3/31/2017,450
116,4/30/2017,450
116,5/31/2017,450
116,6/30/2017,550
116,7/31/2017,550
116,8/31/2017,550
116,9/30/2017,550
116,10/31/2017,550
116,11/30/2017,550
117,1/1/2015,0
117,2/28/2015,0
117,3/31/2015,0
117,4/30/2015,0
117,5/31/2015,0
117,6/30/2015,0
117,7/31/2015,0
117,8/31/2015,0
117,9/30/2015,0
117,10/31/2015,0
117,11/30/2015,0
117,12/31/2015,0
117,1/31/2016,0
117,2/29/2016,0
117,3/31/2016,0
117,4/30/2016,0
117,5/31/2016,0
117,6/30/2016,0
117,7/31/2016,0
117,8/31/2016,0
117,9/30/2016,0
117,10/31/2016,0
117,11/30/2016,0
117,12/31/2016,0
117,1/31/2017,2400
117,2/28/2017,2400
117,3/31/2017,2400
117,4/30/2017,2400
117,5/31/2017,2400
117,6/30/2017,2400
117,7/31/2017,2400
117,8/31/2017,2400
117,9/30/2017,2400
117,10/31/2017,2400
117,11/30/2017,2400
118,1/1/2015,0
118,2/28/2015,0
118,3/31/2015,0
118,4/30/2015,0
118,5/31/2015,0
118,6/30/2015,0
118,7/31/2015,0
118,8/31/2015,0
118,9/30/2015,0
118,10/31/2015,0
118,11/30/2015,0
118,12/31/2015,0
118,1/31/2016,0
118,2/29/2016,0
118,3/31/2016,0
118,4/30/2016,0
118,5/31/2016,0
118,6/30/2016,0
118,7/31/2016,0
118,8/31/2016,0
118,9/30/2016,0
118,10/31/2016,0
118,11/30/2016,0
118,12/31/2016,0
118,1/31/2017,0
118,2/28/2017,0
118,3/31/2017,3250
118,4/30/2017,3250
118,5/31/2017,5748
118,6/30/2017,4499
118,7/31/2017,4499
118,8/31/2017,4499
118,9/30/2017,4499
118,10/31/2017,4499
118,11/30/2017,4499
119,1/1/2015,0
119,2/28/2015,0
119,3/31/2015,0
119,4/30/2015,0
119,5/31/2015,0
119,6/30/2015,0
119,7/31/2015,0
119,8/31/2015,0
119,9/30/2015,0
119,10/31/2015,0
119,11/30/2015,0
119,12/31/2015,0
119,1/31/2016,0
119,2/29/2016,0
119,3/31/2016,0
119,4/30/2016,0
119,5/31/2016,0
119,6/30/2016,0
119,7/31/2016,0
119,8/31/2016,0
119,9/30/2016,0
119,10/31/2016,0
119,11/30/2016,0
119,12/31/2016,0
119,1/31/2017,0
119,2/28/2017,0
119,3/31/2017,0
119,4/30/2017,0
119,5/31/2017,0
119,6/30/2017,0
119,7/31/2017,0
119,8/31/2017,0
119,9/30/2017,0
119,10/31/2017,0
119,11/30/2017,0
120,1/1/2015,0
120,2/28/2015,0
120,3/31/2015,0
120,4/30/2015,0
120,5/31/2015,0
120,6/30/2015,0
120,7/31/2015,0
120,8/31/2015,0
120,9/30/2015,0
120,10/31/2015,0
120,11/30/2015,0
120,12/31/2015,0
120,1/31/2016,0
120,2/29/2016,0
120,3/31/2016,0
120,4/30/2016,0
120,5/31/2016,0
120,6/30/2016,0
120,7/31/2016,0
120,8/31/2016,0
120,9/30/2016,0
120,10/31/2016,0
120,11/30/2016,0
120,12/31/2016,0
120,1/31/2017,0
120,2/28/2017,3757.03
120,3/31/2017,3757.03
120,4/30/2017,3757.03
120,5/31/2017,3757.03
120,6/30/2017,3757.03
120,7/31/2017,3757.03
120,8/31/2017,3757.03
120,9/30/2017,3757.03
120,10/31/2017,3757.03
120,11/30/2017,3757.03
121,1/1/2015,0
121,2/28/2015,0
121,3/31/2015,0
121,4/30/2015,0
121,5/31/2015,0
121,6/30/2015,0
121,7/31/2015,0
121,8/31/2015,0
121,9/30/2015,0
121,10/31/2015,0
121,11/30/2015,0
121,12/31/2015,0
121,1/31/2016,0
121,2/29/2016,0
121,3/31/2016,0
121,4/30/2016,0
121,5/31/2016,0
121,6/30/2016,0
121,7/31/2016,0
121,8/31/2016,0
121,9/30/2016,0
121,10/31/2016,0
121,11/30/2016,0
121,12/31/2016,0
121,1/31/2017,0
121,2/28/2017,300
121,3/31/2017,300
121,4/30/2017,300
121,5/31/2017,300
121,6/30/2017,300
121,7/31/2017,300
121,8/31/2017,300
121,9/30/2017,300
121,10/31/2017,300
121,11/30/2017,300
122,1/1/2015,0
122,2/28/2015,0
122,3/31/2015,0
122,4/30/2015,0
122,5/31/2015,0
122,6/30/2015,0
122,7/31/2015,0
122,8/31/2015,0
122,9/30/2015,0
122,10/31/2015,0
122,11/30/2015,0
122,12/31/2015,0
122,1/31/2016,0
122,2/29/2016,0
122,3/31/2016,0
122,4/30/2016,0
122,5/31/2016,0
122,6/30/2016,0
122,7/31/2016,0
122,8/31/2016,0
122,9/30/2016,0
122,10/31/2016,0
122,11/30/2016,0
122,12/31/2016,0
122,1/31/2017,0
122,2/28/2017,0
122,3/31/2017,1066.44
122,4/30/2017,1066.44
122,5/31/2017,1066.44
122,6/30/2017,1066.44
122,7/31/2017,1066.44
122,8/31/2017,1066.44
122,9/30/2017,1066.44
122,10/31/2017,1066.44
122,11/30/2017,1066.44
123,1/1/2015,0
123,2/28/2015,0
123,3/31/2015,0
123,4/30/2015,0
123,5/31/2015,0
123,6/30/2015,0
123,7/31/2015,0
123,8/31/2015,0
123,9/30/2015,0
123,10/31/2015,0
123,11/30/2015,0
123,12/31/2015,0
123,1/31/2016,0
123,2/29/2016,0
123,3/31/2016,0
123,4/30/2016,0
123,5/31/2016,0
123,6/30/2016,0
123,7/31/2016,0
123,8/31/2016,0
123,9/30/2016,0
123,10/31/2016,0
123,11/30/2016,0
123,12/31/2016,0
123,1/31/2017,0
123,2/28/2017,200
123,3/31/2017,200
123,4/30/2017,200
123,5/31/2017,200
123,6/30/2017,200
123,7/31/2017,200
123,8/31/2017,200
123,9/30/2017,200
123,10/31/2017,200
123,11/30/2017,200
124,1/1/2015,0
124,2/28/2015,0
124,3/31/2015,0
124,4/30/2015,0
124,5/31/2015,0
124,6/30/2015,0
124,7/31/2015,0
124,8/31/2015,0
124,9/30/2015,0
124,10/31/2015,0
124,11/30/2015,0
124,12/31/2015,0
124,1/31/2016,0
124,2/29/2016,0
124,3/31/2016,0
124,4/30/2016,0
124,5/31/2016,0
124,6/30/2016,0
124,7/31/2016,0
124,8/31/2016,0
124,9/30/2016,0
124,10/31/2016,0
124,11/30/2016,0
124,12/31/2016,0
124,1/31/2017,0
124,2/28/2017,1886.92
124,3/31/2017,1886.92
124,4/30/2017,1886.92
124,5/31/2017,1886.92
124,6/30/2017,1886.92
124,7/31/2017,1886.92
124,8/31/2017,1886.92
124,9/30/2017,1886.92
124,10/31/2017,1886.92
124,11/30/2017,1886.92
125,1/1/2015,0
125,2/28/2015,0
125,3/31/2015,0
125,4/30/2015,0
125,5/31/2015,0
125,6/30/2015,0
125,7/31/2015,0
125,8/31/2015,0
125,9/30/2015,0
125,10/31/2015,0
125,11/30/2015,0
125,12/31/2015,0
125,1/31/2016,0
125,2/29/2016,0
125,3/31/2016,0
125,4/30/2016,0
125,5/31/2016,0
125,6/30/2016,0
125,7/31/2016,0
125,8/31/2016,0
125,9/30/2016,0
125,10/31/2016,0
125,11/30/2016,0
125,12/31/2016,0
125,1/31/2017,0
125,2/28/2017,0
125,3/31/2017,270
125,4/30/2017,270
125,5/31/2017,270
125,6/30/2017,270
125,7/31/2017,270
125,8/31/2017,270
125,9/30/2017,270
125,10/31/2017,270
125,11/30/2017,270
126,1/1/2015,0
126,2/28/2015,0
126,3/31/2015,0
126,4/30/2015,0
126,5/31/2015,0
126,6/30/2015,0
126,7/31/2015,0
126,8/31/2015,0
126,9/30/2015,0
126,10/31/2015,0
126,11/30/2015,0
126,12/31/2015,0
126,1/31/2016,0
126,2/29/2016,0
126,3/31/2016,0
126,4/30/2016,0
126,5/31/2016,0
126,6/30/2016,0
126,7/31/2016,0
126,8/31/2016,0
126,9/30/2016,0
126,10/31/2016,0
126,11/30/2016,0
126,12/31/2016,0
126,1/31/2017,0
126,2/28/2017,0
126,3/31/2017,825
126,4/30/2017,825
126,5/31/2017,825
126,6/30/2017,2475
126,7/31/2017,1650
126,8/31/2017,1650
126,9/30/2017,1650
126,10/31/2017,1650
126,11/30/2017,1650
127,1/1/2015,0
127,2/28/2015,0
127,3/31/2015,0
127,4/30/2015,0
127,5/31/2015,0
127,6/30/2015,0
127,7/31/2015,0
127,8/31/2015,0
127,9/30/2015,0
127,10/31/2015,0
127,11/30/2015,0
127,12/31/2015,0
127,1/31/2016,0
127,2/29/2016,0
127,3/31/2016,0
127,4/30/2016,0
127,5/31/2016,0
127,6/30/2016,0
127,7/31/2016,0
127,8/31/2016,0
127,9/30/2016,0
127,10/31/2016,0
127,11/30/2016,0
127,12/31/2016,0
127,1/31/2017,0
127,2/28/2017,0
127,3/31/2017,3000
127,4/30/2017,3000
127,5/31/2017,3000
127,6/30/2017,3000
127,7/31/2017,3000
127,8/31/2017,3000
127,9/30/2017,3000
127,10/31/2017,3000
127,11/30/2017,3000
128,1/1/2015,0
128,2/28/2015,0
128,3/31/2015,0
128,4/30/2015,0
128,5/31/2015,0
128,6/30/2015,0
128,7/31/2015,0
128,8/31/2015,0
128,9/30/2015,0
128,10/31/2015,0
128,11/30/2015,0
128,12/31/2015,0
128,1/31/2016,0
128,2/29/2016,0
128,3/31/2016,0
128,4/30/2016,0
128,5/31/2016,0
128,6/30/2016,0
128,7/31/2016,0
128,8/31/2016,0
128,9/30/2016,0
128,10/31/2016,0
128,11/30/2016,0
128,12/31/2016,0
128,1/31/2017,0
128,2/28/2017,0
128,3/31/2017,175
128,4/30/2017,175
128,5/31/2017,175
128,6/30/2017,175
128,7/31/2017,175
128,8/31/2017,175
128,9/30/2017,175
128,10/31/2017,200
128,11/30/2017,200
129,1/1/2015,0
129,2/28/2015,0
129,3/31/2015,0
129,4/30/2015,0
129,5/31/2015,0
129,6/30/2015,0
129,7/31/2015,0
129,8/31/2015,0
129,9/30/2015,0
129,10/31/2015,0
129,11/30/2015,0
129,12/31/2015,0
129,1/31/2016,0
129,2/29/2016,0
129,3/31/2016,0
129,4/30/2016,0
129,5/31/2016,0
129,6/30/2016,0
129,7/31/2016,0
129,8/31/2016,0
129,9/30/2016,0
129,10/31/2016,0
129,11/30/2016,0
129,12/31/2016,0
129,1/31/2017,0
129,2/28/2017,0
129,3/31/2017,0
129,4/30/2017,250
129,5/31/2017,250
129,6/30/2017,250
129,7/31/2017,250
129,8/31/2017,250
129,9/30/2017,250
129,10/31/2017,250
129,11/30/2017,250
130,1/1/2015,0
130,2/28/2015,0
130,3/31/2015,0
130,4/30/2015,0
130,5/31/2015,0
130,6/30/2015,0
130,7/31/2015,0
130,8/31/2015,0
130,9/30/2015,0
130,10/31/2015,0
130,11/30/2015,0
130,12/31/2015,0
130,1/31/2016,0
130,2/29/2016,0
130,3/31/2016,0
130,4/30/2016,0
130,5/31/2016,0
130,6/30/2016,0
130,7/31/2016,0
130,8/31/2016,0
130,9/30/2016,0
130,10/31/2016,0
130,11/30/2016,0
130,12/31/2016,0
130,1/31/2017,0
130,2/28/2017,0
130,3/31/2017,144.39
130,4/30/2017,144.39
130,5/31/2017,144.39
130,6/30/2017,144.39
130,7/31/2017,144.39
130,8/31/2017,144.39
130,9/30/2017,144.39
130,10/31/2017,144.39
130,11/30/2017,144.39
131,1/1/2015,0
131,2/28/2015,0
131,3/31/2015,0
131,4/30/2015,0
131,5/31/2015,0
131,6/30/2015,0
131,7/31/2015,0
131,8/31/2015,0
131,9/30/2015,0
131,10/31/2015,0
131,11/30/2015,0
131,12/31/2015,0
131,1/31/2016,0
131,2/29/2016,0
131,3/31/2016,0
131,4/30/2016,0
131,5/31/2016,0
131,6/30/2016,0
131,7/31/2016,0
131,8/31/2016,0
131,9/30/2016,0
131,10/31/2016,0
131,11/30/2016,0
131,12/31/2016,0
131,1/31/2017,0
131,2/28/2017,0
131,3/31/2017,0
131,4/30/2017,0
131,5/31/2017,0
131,6/30/2017,0
131,7/31/2017,0
131,8/31/2017,0
131,9/30/2017,0
131,10/31/2017,0
131,11/30/2017,0
132,1/1/2015,0
132,2/28/2015,0
132,3/31/2015,0
132,4/30/2015,0
132,5/31/2015,0
132,6/30/2015,0
132,7/31/2015,0
132,8/31/2015,0
132,9/30/2015,0
132,10/31/2015,0
132,11/30/2015,0
132,12/31/2015,0
132,1/31/2016,0
132,2/29/2016,0
132,3/31/2016,0
132,4/30/2016,0
132,5/31/2016,0
132,6/30/2016,0
132,7/31/2016,0
132,8/31/2016,0
132,9/30/2016,0
132,10/31/2016,0
132,11/30/2016,0
132,12/31/2016,0
132,1/31/2017,0
132,2/28/2017,0
132,3/31/2017,0
132,4/30/2017,2401
132,5/31/2017,2401
132,6/30/2017,2401
132,7/31/2017,2401
132,8/31/2017,2401
132,9/30/2017,2401
132,10/31/2017,2747.5
132,11/30/2017,2747.5
133,1/1/2015,0
133,2/28/2015,0
133,3/31/2015,0
133,4/30/2015,0
133,5/31/2015,0
133,6/30/2015,0
133,7/31/2015,0
133,8/31/2015,0
133,9/30/2015,0
133,10/31/2015,0
133,11/30/2015,0
133,12/31/2015,0
133,1/31/2016,0
133,2/29/2016,0
133,3/31/2016,0
133,4/30/2016,0
133,5/31/2016,0
133,6/30/2016,0
133,7/31/2016,0
133,8/31/2016,0
133,9/30/2016,0
133,10/31/2016,0
133,11/30/2016,0
133,12/31/2016,0
133,1/31/2017,0
133,2/28/2017,0
133,3/31/2017,0
133,4/30/2017,300
133,5/31/2017,300
133,6/30/2017,300
133,7/31/2017,300
133,8/31/2017,300
133,9/30/2017,300
133,10/31/2017,375
133,11/30/2017,375
134,1/1/2015,0
134,2/28/2015,0
134,3/31/2015,0
134,4/30/2015,0
134,5/31/2015,0
134,6/30/2015,0
134,7/31/2015,0
134,8/31/2015,0
134,9/30/2015,0
134,10/31/2015,0
134,11/30/2015,0
134,12/31/2015,0
134,1/31/2016,0
134,2/29/2016,0
134,3/31/2016,0
134,4/30/2016,0
134,5/31/2016,0
134,6/30/2016,0
134,7/31/2016,0
134,8/31/2016,0
134,9/30/2016,0
134,10/31/2016,0
134,11/30/2016,0
134,12/31/2016,0
134,1/31/2017,0
134,2/28/2017,0
134,3/31/2017,0
134,4/30/2017,0
134,5/31/2017,825
134,6/30/2017,825
134,7/31/2017,825
134,8/31/2017,825
134,9/30/2017,825
134,10/31/2017,825
134,11/30/2017,825
135,1/1/2015,0
135,2/28/2015,0
135,3/31/2015,0
135,4/30/2015,0
135,5/31/2015,0
135,6/30/2015,0
135,7/31/2015,0
135,8/31/2015,0
135,9/30/2015,0
135,10/31/2015,0
135,11/30/2015,0
135,12/31/2015,0
135,1/31/2016,0
135,2/29/2016,0
135,3/31/2016,0
135,4/30/2016,0
135,5/31/2016,0
135,6/30/2016,0
135,7/31/2016,0
135,8/31/2016,0
135,9/30/2016,0
135,10/31/2016,0
135,11/30/2016,0
135,12/31/2016,0
135,1/31/2017,0
135,2/28/2017,0
135,3/31/2017,0
135,4/30/2017,0
135,5/31/2017,0
135,6/30/2017,0
135,7/31/2017,0
135,8/31/2017,0
135,9/30/2017,0
135,10/31/2017,0
135,11/30/2017,750
136,1/1/2015,0
136,2/28/2015,0
136,3/31/2015,0
136,4/30/2015,0
136,5/31/2015,0
136,6/30/2015,0
136,7/31/2015,0
136,8/31/2015,0
136,9/30/2015,0
136,10/31/2015,0
136,11/30/2015,0
136,12/31/2015,0
136,1/31/2016,0
136,2/29/2016,0
136,3/31/2016,0
136,4/30/2016,0
136,5/31/2016,0
136,6/30/2016,0
136,7/31/2016,0
136,8/31/2016,0
136,9/30/2016,0
136,10/31/2016,0
136,11/30/2016,0
136,12/31/2016,0
136,1/31/2017,0
136,2/28/2017,0
136,3/31/2017,0
136,4/30/2017,0
136,5/31/2017,1099
136,6/30/2017,1099
136,7/31/2017,1099
136,8/31/2017,1099
136,9/30/2017,1099
136,10/31/2017,1099
136,11/30/2017,1099
137,1/1/2015,0
137,2/28/2015,0
137,3/31/2015,0
137,4/30/2015,0
137,5/31/2015,0
137,6/30/2015,0
137,7/31/2015,0
137,8/31/2015,0
137,9/30/2015,0
137,10/31/2015,0
137,11/30/2015,0
137,12/31/2015,0
137,1/31/2016,0
137,2/29/2016,0
137,3/31/2016,0
137,4/30/2016,0
137,5/31/2016,0
137,6/30/2016,0
137,7/31/2016,0
137,8/31/2016,0
137,9/30/2016,0
137,10/31/2016,0
137,11/30/2016,0
137,12/31/2016,0
137,1/31/2017,0
137,2/28/2017,0
137,3/31/2017,0
137,4/30/2017,100
137,5/31/2017,100
137,6/30/2017,100
137,7/31/2017,100
137,8/31/2017,100
137,9/30/2017,100
137,10/31/2017,100
137,11/30/2017,100
138,1/1/2015,0
138,2/28/2015,0
138,3/31/2015,0
138,4/30/2015,0
138,5/31/2015,0
138,6/30/2015,0
138,7/31/2015,0
138,8/31/2015,0
138,9/30/2015,0
138,10/31/2015,0
138,11/30/2015,0
138,12/31/2015,0
138,1/31/2016,0
138,2/29/2016,0
138,3/31/2016,0
138,4/30/2016,0
138,5/31/2016,0
138,6/30/2016,0
138,7/31/2016,0
138,8/31/2016,0
138,9/30/2016,0
138,10/31/2016,0
138,11/30/2016,0
138,12/31/2016,0
138,1/31/2017,0
138,2/28/2017,0
138,3/31/2017,0
138,4/30/2017,883.75
138,5/31/2017,883.75
138,6/30/2017,883.75
138,7/31/2017,883.75
138,8/31/2017,883.75
138,9/30/2017,883.75
138,10/31/2017,883.75
138,11/30/2017,883.75
139,1/1/2015,0
139,2/28/2015,0
139,3/31/2015,0
139,4/30/2015,0
139,5/31/2015,0
139,6/30/2015,0
139,7/31/2015,0
139,8/31/2015,0
139,9/30/2015,0
139,10/31/2015,0
139,11/30/2015,0
139,12/31/2015,0
139,1/31/2016,0
139,2/29/2016,0
139,3/31/2016,0
139,4/30/2016,0
139,5/31/2016,0
139,6/30/2016,0
139,7/31/2016,0
139,8/31/2016,0
139,9/30/2016,0
139,10/31/2016,0
139,11/30/2016,0
139,12/31/2016,0
139,1/31/2017,0
139,2/28/2017,0
139,3/31/2017,0
139,4/30/2017,0
139,5/31/2017,500
139,6/30/2017,500
139,7/31/2017,500
139,8/31/2017,500
139,9/30/2017,500
139,10/31/2017,500
139,11/30/2017,500
140,1/1/2015,0
140,2/28/2015,0
140,3/31/2015,0
140,4/30/2015,0
140,5/31/2015,0
140,6/30/2015,0
140,7/31/2015,0
140,8/31/2015,0
140,9/30/2015,0
140,10/31/2015,0
140,11/30/2015,0
140,12/31/2015,0
140,1/31/2016,0
140,2/29/2016,0
140,3/31/2016,0
140,4/30/2016,0
140,5/31/2016,0
140,6/30/2016,0
140,7/31/2016,0
140,8/31/2016,0
140,9/30/2016,0
140,10/31/2016,0
140,11/30/2016,0
140,12/31/2016,0
140,1/31/2017,0
140,2/28/2017,0
140,3/31/2017,0
140,4/30/2017,0
140,5/31/2017,1705
140,6/30/2017,1705
140,7/31/2017,1705
140,8/31/2017,1705
140,9/30/2017,1705
140,10/31/2017,1705
140,11/30/2017,1705
141,1/1/2015,0
141,2/28/2015,0
141,3/31/2015,0
141,4/30/2015,0
141,5/31/2015,0
141,6/30/2015,0
141,7/31/2015,0
141,8/31/2015,0
141,9/30/2015,0
141,10/31/2015,0
141,11/30/2015,0
141,12/31/2015,0
141,1/31/2016,0
141,2/29/2016,0
141,3/31/2016,0
141,4/30/2016,0
141,5/31/2016,0
141,6/30/2016,0
141,7/31/2016,0
141,8/31/2016,0
141,9/30/2016,0
141,10/31/2016,0
141,11/30/2016,0
141,12/31/2016,0
141,1/31/2017,0
141,2/28/2017,0
141,3/31/2017,0
141,4/30/2017,0
141,5/31/2017,3000
141,6/30/2017,3000
141,7/31/2017,3250
141,8/31/2017,3250
141,9/30/2017,3250
141,10/31/2017,3250
141,11/30/2017,3250
142,1/1/2015,0
142,2/28/2015,0
142,3/31/2015,0
142,4/30/2015,0
142,5/31/2015,0
142,6/30/2015,0
142,7/31/2015,0
142,8/31/2015,0
142,9/30/2015,0
142,10/31/2015,0
142,11/30/2015,0
142,12/31/2015,0
142,1/31/2016,0
142,2/29/2016,0
142,3/31/2016,0
142,4/30/2016,0
142,5/31/2016,0
142,6/30/2016,0
142,7/31/2016,0
142,8/31/2016,0
142,9/30/2016,0
142,10/31/2016,0
142,11/30/2016,0
142,12/31/2016,0
142,1/31/2017,0
142,2/28/2017,0
142,3/31/2017,0
142,4/30/2017,0
142,5/31/2017,0
142,6/30/2017,600.34
142,7/31/2017,600.34
142,8/31/2017,600.34
142,9/30/2017,600.34
142,10/31/2017,600.34
142,11/30/2017,600.34
143,1/1/2015,0
143,2/28/2015,0
143,3/31/2015,0
143,4/30/2015,0
143,5/31/2015,0
143,6/30/2015,0
143,7/31/2015,0
143,8/31/2015,0
143,9/30/2015,0
143,10/31/2015,0
143,11/30/2015,0
143,12/31/2015,0
143,1/31/2016,0
143,2/29/2016,0
143,3/31/2016,0
143,4/30/2016,0
143,5/31/2016,0
143,6/30/2016,0
143,7/31/2016,0
143,8/31/2016,0
143,9/30/2016,0
143,10/31/2016,0
143,11/30/2016,0
143,12/31/2016,0
143,1/31/2017,0
143,2/28/2017,0
143,3/31/2017,0
143,4/30/2017,0
143,5/31/2017,0
143,6/30/2017,0
143,7/31/2017,0
143,8/31/2017,0
143,9/30/2017,0
143,10/31/2017,0
143,11/30/2017,375
144,1/1/2015,0
144,2/28/2015,0
144,3/31/2015,0
144,4/30/2015,0
144,5/31/2015,0
144,6/30/2015,0
144,7/31/2015,0
144,8/31/2015,0
144,9/30/2015,0
144,10/31/2015,0
144,11/30/2015,0
144,12/31/2015,0
144,1/31/2016,0
144,2/29/2016,0
144,3/31/2016,0
144,4/30/2016,0
144,5/31/2016,0
144,6/30/2016,0
144,7/31/2016,0
144,8/31/2016,0
144,9/30/2016,0
144,10/31/2016,0
144,11/30/2016,0
144,12/31/2016,0
144,1/31/2017,0
144,2/28/2017,0
144,3/31/2017,0
144,4/30/2017,0
144,5/31/2017,901
144,6/30/2017,901
144,7/31/2017,901
144,8/31/2017,901
144,9/30/2017,901
144,10/31/2017,901
144,11/30/2017,901
145,1/1/2015,0
145,2/28/2015,0
145,3/31/2015,0
145,4/30/2015,0
145,5/31/2015,0
145,6/30/2015,0
145,7/31/2015,0
145,8/31/2015,0
145,9/30/2015,0
145,10/31/2015,0
145,11/30/2015,0
145,12/31/2015,0
145,1/31/2016,0
145,2/29/2016,0
145,3/31/2016,0
145,4/30/2016,0
145,5/31/2016,0
145,6/30/2016,0
145,7/31/2016,0
145,8/31/2016,0
145,9/30/2016,0
145,10/31/2016,0
145,11/30/2016,0
145,12/31/2016,0
145,1/31/2017,0
145,2/28/2017,0
145,3/31/2017,0
145,4/30/2017,0
145,5/31/2017,1282
145,6/30/2017,1282
145,7/31/2017,1282
145,8/31/2017,1282
145,9/30/2017,1282
145,10/31/2017,1282
145,11/30/2017,1282
146,1/1/2015,0
146,2/28/2015,0
146,3/31/2015,0
146,4/30/2015,0
146,5/31/2015,0
146,6/30/2015,0
146,7/31/2015,0
146,8/31/2015,0
146,9/30/2015,0
146,10/31/2015,0
146,11/30/2015,0
146,12/31/2015,0
146,1/31/2016,0
146,2/29/2016,0
146,3/31/2016,0
146,4/30/2016,0
146,5/31/2016,0
146,6/30/2016,0
146,7/31/2016,0
146,8/31/2016,0
146,9/30/2016,0
146,10/31/2016,0
146,11/30/2016,0
146,12/31/2016,0
146,1/31/2017,0
146,2/28/2017,0
146,3/31/2017,0
146,4/30/2017,0
146,5/31/2017,490
146,6/30/2017,548.333333
146,7/31/2017,548.333333
146,8/31/2017,548.333333
146,9/30/2017,548.333333
146,10/31/2017,548.333333
146,11/30/2017,548.333333
147,1/1/2015,0
147,2/28/2015,0
147,3/31/2015,0
147,4/30/2015,0
147,5/31/2015,0
147,6/30/2015,0
147,7/31/2015,0
147,8/31/2015,0
147,9/30/2015,0
147,10/31/2015,0
147,11/30/2015,0
147,12/31/2015,0
147,1/31/2016,0
147,2/29/2016,0
147,3/31/2016,0
147,4/30/2016,0
147,5/31/2016,0
147,6/30/2016,0
147,7/31/2016,0
147,8/31/2016,0
147,9/30/2016,0
147,10/31/2016,0
147,11/30/2016,0
147,12/31/2016,0
147,1/31/2017,0
147,2/28/2017,0
147,3/31/2017,0
147,4/30/2017,0
147,5/31/2017,4546
147,6/30/2017,4546
147,7/31/2017,4546
147,8/31/2017,5799.71
147,9/30/2017,5799.71
147,10/31/2017,5799.71
147,11/30/2017,5799.71
148,1/1/2015,0
148,2/28/2015,0
148,3/31/2015,0
148,4/30/2015,0
148,5/31/2015,0
148,6/30/2015,0
148,7/31/2015,0
148,8/31/2015,0
148,9/30/2015,0
148,10/31/2015,0
148,11/30/2015,0
148,12/31/2015,0
148,1/31/2016,0
148,2/29/2016,0
148,3/31/2016,0
148,4/30/2016,0
148,5/31/2016,0
148,6/30/2016,0
148,7/31/2016,0
148,8/31/2016,0
148,9/30/2016,0
148,10/31/2016,0
148,11/30/2016,0
148,12/31/2016,0
148,1/31/2017,0
148,2/28/2017,0
148,3/31/2017,0
148,4/30/2017,0
148,5/31/2017,501.6666667
148,6/30/2017,501.6666667
148,7/31/2017,501.6666667
148,8/31/2017,501.6666667
148,9/30/2017,914.5833333
148,10/31/2017,914.5833333
148,11/30/2017,914.5833333
149,1/1/2015,0
149,2/28/2015,0
149,3/31/2015,0
149,4/30/2015,0
149,5/31/2015,0
149,6/30/2015,0
149,7/31/2015,0
149,8/31/2015,0
149,9/30/2015,0
149,10/31/2015,0
149,11/30/2015,0
149,12/31/2015,0
149,1/31/2016,0
149,2/29/2016,0
149,3/31/2016,0
149,4/30/2016,0
149,5/31/2016,0
149,6/30/2016,0
149,7/31/2016,0
149,8/31/2016,0
149,9/30/2016,0
149,10/31/2016,0
149,11/30/2016,0
149,12/31/2016,0
149,1/31/2017,0
149,2/28/2017,0
149,3/31/2017,0
149,4/30/2017,0
149,5/31/2017,420
149,6/30/2017,420
149,7/31/2017,420
149,8/31/2017,420
149,9/30/2017,420
149,10/31/2017,420
149,11/30/2017,420
150,1/1/2015,0
150,2/28/2015,0
150,3/31/2015,0
150,4/30/2015,0
150,5/31/2015,0
150,6/30/2015,0
150,7/31/2015,0
150,8/31/2015,0
150,9/30/2015,0
150,10/31/2015,0
150,11/30/2015,0
150,12/31/2015,0
150,1/31/2016,0
150,2/29/2016,0
150,3/31/2016,0
150,4/30/2016,0
150,5/31/2016,0
150,6/30/2016,0
150,7/31/2016,0
150,8/31/2016,0
150,9/30/2016,0
150,10/31/2016,0
150,11/30/2016,0
150,12/31/2016,0
150,1/31/2017,0
150,2/28/2017,0
150,3/31/2017,0
150,4/30/2017,0
150,5/31/2017,0
150,6/30/2017,0
150,7/31/2017,0
150,8/31/2017,0
150,9/30/2017,7276.5
150,10/31/2017,7276.5
150,11/30/2017,7276.5
151,1/1/2015,0
151,2/28/2015,0
151,3/31/2015,0
151,4/30/2015,0
151,5/31/2015,0
151,6/30/2015,0
151,7/31/2015,0
151,8/31/2015,0
151,9/30/2015,0
151,10/31/2015,0
151,11/30/2015,0
151,12/31/2015,0
151,1/31/2016,0
151,2/29/2016,0
151,3/31/2016,0
151,4/30/2016,0
151,5/31/2016,0
151,6/30/2016,0
151,7/31/2016,0
151,8/31/2016,0
151,9/30/2016,0
151,10/31/2016,0
151,11/30/2016,0
151,12/31/2016,0
151,1/31/2017,0
151,2/28/2017,0
151,3/31/2017,0
151,4/30/2017,0
151,5/31/2017,4410
151,6/30/2017,4410
151,7/31/2017,4410
151,8/31/2017,4410
151,9/30/2017,6457.5
151,10/31/2017,6457.5
151,11/30/2017,6457.5
152,1/1/2015,0
152,2/28/2015,0
152,3/31/2015,0
152,4/30/2015,0
152,5/31/2015,0
152,6/30/2015,0
152,7/31/2015,0
152,8/31/2015,0
152,9/30/2015,0
152,10/31/2015,0
152,11/30/2015,0
152,12/31/2015,0
152,1/31/2016,0
152,2/29/2016,0
152,3/31/2016,0
152,4/30/2016,0
152,5/31/2016,0
152,6/30/2016,0
152,7/31/2016,0
152,8/31/2016,0
152,9/30/2016,0
152,10/31/2016,0
152,11/30/2016,0
152,12/31/2016,0
152,1/31/2017,0
152,2/28/2017,0
152,3/31/2017,0
152,4/30/2017,0
152,5/31/2017,0
152,6/30/2017,235
152,7/31/2017,235
152,8/31/2017,235
152,9/30/2017,235
152,10/31/2017,235
152,11/30/2017,235
153,1/1/2015,0
153,2/28/2015,0
153,3/31/2015,0
153,4/30/2015,0
153,5/31/2015,0
153,6/30/2015,0
153,7/31/2015,0
153,8/31/2015,0
153,9/30/2015,0
153,10/31/2015,0
153,11/30/2015,0
153,12/31/2015,0
153,1/31/2016,0
153,2/29/2016,0
153,3/31/2016,0
153,4/30/2016,0
153,5/31/2016,0
153,6/30/2016,0
153,7/31/2016,0
153,8/31/2016,0
153,9/30/2016,0
153,10/31/2016,0
153,11/30/2016,0
153,12/31/2016,0
153,1/31/2017,0
153,2/28/2017,0
153,3/31/2017,0
153,4/30/2017,0
153,5/31/2017,0
153,6/30/2017,162.5
153,7/31/2017,162.5
153,8/31/2017,162.5
153,9/30/2017,162.5
153,10/31/2017,162.5
153,11/30/2017,162.5
154,1/1/2015,0
154,2/28/2015,0
154,3/31/2015,0
154,4/30/2015,0
154,5/31/2015,0
154,6/30/2015,0
154,7/31/2015,0
154,8/31/2015,0
154,9/30/2015,0
154,10/31/2015,0
154,11/30/2015,0
154,12/31/2015,0
154,1/31/2016,0
154,2/29/2016,0
154,3/31/2016,0
154,4/30/2016,0
154,5/31/2016,0
154,6/30/2016,0
154,7/31/2016,0
154,8/31/2016,0
154,9/30/2016,0
154,10/31/2016,0
154,11/30/2016,0
154,12/31/2016,0
154,1/31/2017,0
154,2/28/2017,0
154,3/31/2017,0
154,4/30/2017,0
154,5/31/2017,0
154,6/30/2017,0
154,7/31/2017,0
154,8/31/2017,0
154,9/30/2017,0
154,10/31/2017,0
154,11/30/2017,0
155,1/1/2015,0
155,2/28/2015,0
155,3/31/2015,0
155,4/30/2015,0
155,5/31/2015,0
155,6/30/2015,0
155,7/31/2015,0
155,8/31/2015,0
155,9/30/2015,0
155,10/31/2015,0
155,11/30/2015,0
155,12/31/2015,0
155,1/31/2016,0
155,2/29/2016,0
155,3/31/2016,0
155,4/30/2016,0
155,5/31/2016,0
155,6/30/2016,0
155,7/31/2016,0
155,8/31/2016,0
155,9/30/2016,0
155,10/31/2016,0
155,11/30/2016,0
155,12/31/2016,0
155,1/31/2017,0
155,2/28/2017,0
155,3/31/2017,0
155,4/30/2017,0
155,5/31/2017,0
155,6/30/2017,0
155,7/31/2017,0
155,8/31/2017,0
155,9/30/2017,0
155,10/31/2017,0
155,11/30/2017,6681.83
156,1/1/2015,0
156,2/28/2015,0
156,3/31/2015,0
156,4/30/2015,0
156,5/31/2015,0
156,6/30/2015,0
156,7/31/2015,0
156,8/31/2015,0
156,9/30/2015,0
156,10/31/2015,0
156,11/30/2015,0
156,12/31/2015,0
156,1/31/2016,0
156,2/29/2016,0
156,3/31/2016,0
156,4/30/2016,0
156,5/31/2016,0
156,6/30/2016,0
156,7/31/2016,0
156,8/31/2016,0
156,9/30/2016,0
156,10/31/2016,0
156,11/30/2016,0
156,12/31/2016,0
156,1/31/2017,0
156,2/28/2017,0
156,3/31/2017,0
156,4/30/2017,0
156,5/31/2017,0
156,6/30/2017,450
156,7/31/2017,450
156,8/31/2017,450
156,9/30/2017,450
156,10/31/2017,612.5
156,11/30/2017,612.5
157,1/1/2015,0
157,2/28/2015,0
157,3/31/2015,0
157,4/30/2015,0
157,5/31/2015,0
157,6/30/2015,0
157,7/31/2015,0
157,8/31/2015,0
157,9/30/2015,0
157,10/31/2015,0
157,11/30/2015,0
157,12/31/2015,0
157,1/31/2016,0
157,2/29/2016,0
157,3/31/2016,0
157,4/30/2016,0
157,5/31/2016,0
157,6/30/2016,0
157,7/31/2016,0
157,8/31/2016,0
157,9/30/2016,0
157,10/31/2016,0
157,11/30/2016,0
157,12/31/2016,0
157,1/31/2017,0
157,2/28/2017,0
157,3/31/2017,0
157,4/30/2017,0
157,5/31/2017,0
157,6/30/2017,215
157,7/31/2017,215
157,8/31/2017,215
157,9/30/2017,215
157,10/31/2017,215
157,11/30/2017,215
158,1/1/2015,0
158,2/28/2015,0
158,3/31/2015,0
158,4/30/2015,0
158,5/31/2015,0
158,6/30/2015,0
158,7/31/2015,0
158,8/31/2015,0
158,9/30/2015,0
158,10/31/2015,0
158,11/30/2015,0
158,12/31/2015,0
158,1/31/2016,0
158,2/29/2016,0
158,3/31/2016,0
158,4/30/2016,0
158,5/31/2016,0
158,6/30/2016,0
158,7/31/2016,0
158,8/31/2016,0
158,9/30/2016,0
158,10/31/2016,0
158,11/30/2016,0
158,12/31/2016,0
158,1/31/2017,0
158,2/28/2017,0
158,3/31/2017,0
158,4/30/2017,0
158,5/31/2017,0
158,6/30/2017,1590
158,7/31/2017,1590
158,8/31/2017,1590
158,9/30/2017,1590
158,10/31/2017,1590
158,11/30/2017,1590
159,1/1/2015,0
159,2/28/2015,0
159,3/31/2015,0
159,4/30/2015,0
159,5/31/2015,0
159,6/30/2015,0
159,7/31/2015,0
159,8/31/2015,0
159,9/30/2015,0
159,10/31/2015,0
159,11/30/2015,0
159,12/31/2015,0
159,1/31/2016,0
159,2/29/2016,0
159,3/31/2016,0
159,4/30/2016,0
159,5/31/2016,0
159,6/30/2016,0
159,7/31/2016,0
159,8/31/2016,0
159,9/30/2016,0
159,10/31/2016,0
159,11/30/2016,0
159,12/31/2016,0
159,1/31/2017,0
159,2/28/2017,0
159,3/31/2017,0
159,4/30/2017,0
159,5/31/2017,0
159,6/30/2017,1100
159,7/31/2017,1100
159,8/31/2017,1100
159,9/30/2017,1100
159,10/31/2017,1100
159,11/30/2017,1100
160,1/1/2015,0
160,2/28/2015,0
160,3/31/2015,0
160,4/30/2015,0
160,5/31/2015,0
160,6/30/2015,0
160,7/31/2015,0
160,8/31/2015,0
160,9/30/2015,0
160,10/31/2015,0
160,11/30/2015,0
160,12/31/2015,0
160,1/31/2016,0
160,2/29/2016,0
160,3/31/2016,0
160,4/30/2016,0
160,5/31/2016,0
160,6/30/2016,0
160,7/31/2016,0
160,8/31/2016,0
160,9/30/2016,0
160,10/31/2016,0
160,11/30/2016,0
160,12/31/2016,0
160,1/31/2017,0
160,2/28/2017,0
160,3/31/2017,0
160,4/30/2017,0
160,5/31/2017,0
160,6/30/2017,0
160,7/31/2017,0
160,8/31/2017,500
160,9/30/2017,500
160,10/31/2017,500
160,11/30/2017,0
161,1/1/2015,0
161,2/28/2015,0
161,3/31/2015,0
161,4/30/2015,0
161,5/31/2015,0
161,6/30/2015,0
161,7/31/2015,0
161,8/31/2015,0
161,9/30/2015,0
161,10/31/2015,0
161,11/30/2015,0
161,12/31/2015,0
161,1/31/2016,0
161,2/29/2016,0
161,3/31/2016,0
161,4/30/2016,0
161,5/31/2016,0
161,6/30/2016,0
161,7/31/2016,0
161,8/31/2016,0
161,9/30/2016,0
161,10/31/2016,0
161,11/30/2016,0
161,12/31/2016,0
161,1/31/2017,0
161,2/28/2017,0
161,3/31/2017,0
161,4/30/2017,0
161,5/31/2017,0
161,6/30/2017,0
161,7/31/2017,847.44
161,8/31/2017,847.44
161,9/30/2017,847.44
161,10/31/2017,847.44
161,11/30/2017,847.44
162,1/1/2015,0
162,2/28/2015,0
162,3/31/2015,0
162,4/30/2015,0
162,5/31/2015,0
162,6/30/2015,0
162,7/31/2015,0
162,8/31/2015,0
162,9/30/2015,0
162,10/31/2015,0
162,11/30/2015,0
162,12/31/2015,0
162,1/31/2016,0
162,2/29/2016,0
162,3/31/2016,0
162,4/30/2016,0
162,5/31/2016,0
162,6/30/2016,0
162,7/31/2016,0
162,8/31/2016,0
162,9/30/2016,0
162,10/31/2016,0
162,11/30/2016,0
162,12/31/2016,0
162,1/31/2017,0
162,2/28/2017,0
162,3/31/2017,0
162,4/30/2017,0
162,5/31/2017,0
162,6/30/2017,0
162,7/31/2017,2300
162,8/31/2017,0
162,9/30/2017,4004
162,10/31/2017,3152
162,11/30/2017,0
163,1/1/2015,0
163,2/28/2015,0
163,3/31/2015,0
163,4/30/2015,0
163,5/31/2015,0
163,6/30/2015,0
163,7/31/2015,0
163,8/31/2015,0
163,9/30/2015,0
163,10/31/2015,0
163,11/30/2015,0
163,12/31/2015,0
163,1/31/2016,0
163,2/29/2016,0
163,3/31/2016,0
163,4/30/2016,0
163,5/31/2016,0
163,6/30/2016,0
163,7/31/2016,0
163,8/31/2016,0
163,9/30/2016,0
163,10/31/2016,0
163,11/30/2016,0
163,12/31/2016,0
163,1/31/2017,0
163,2/28/2017,0
163,3/31/2017,0
163,4/30/2017,0
163,5/31/2017,0
163,6/30/2017,0
163,7/31/2017,0
163,8/31/2017,211
163,9/30/2017,211
163,10/31/2017,211
163,11/30/2017,211
164,1/1/2015,0
164,2/28/2015,0
164,3/31/2015,0
164,4/30/2015,0
164,5/31/2015,0
164,6/30/2015,0
164,7/31/2015,0
164,8/31/2015,0
164,9/30/2015,0
164,10/31/2015,0
164,11/30/2015,0
164,12/31/2015,0
164,1/31/2016,0
164,2/29/2016,0
164,3/31/2016,0
164,4/30/2016,0
164,5/31/2016,0
164,6/30/2016,0
164,7/31/2016,0
164,8/31/2016,0
164,9/30/2016,0
164,10/31/2016,0
164,11/30/2016,0
164,12/31/2016,0
164,1/31/2017,0
164,2/28/2017,0
164,3/31/2017,0
164,4/30/2017,0
164,5/31/2017,0
164,6/30/2017,0
164,7/31/2017,0
164,8/31/2017,0
164,9/30/2017,0
164,10/31/2017,2552.083333
164,11/30/2017,2552.083333
165,1/1/2015,0
165,2/28/2015,0
165,3/31/2015,0
165,4/30/2015,0
165,5/31/2015,0
165,6/30/2015,0
165,7/31/2015,0
165,8/31/2015,0
165,9/30/2015,0
165,10/31/2015,0
165,11/30/2015,0
165,12/31/2015,0
165,1/31/2016,0
165,2/29/2016,0
165,3/31/2016,0
165,4/30/2016,0
165,5/31/2016,0
165,6/30/2016,0
165,7/31/2016,0
165,8/31/2016,0
165,9/30/2016,0
165,10/31/2016,0
165,11/30/2016,0
165,12/31/2016,0
165,1/31/2017,0
165,2/28/2017,0
165,3/31/2017,0
165,4/30/2017,0
165,5/31/2017,0
165,6/30/2017,0
165,7/31/2017,0
165,8/31/2017,0
165,9/30/2017,538.75
165,10/31/2017,538.75
165,11/30/2017,538.75
166,1/1/2015,0
166,2/28/2015,0
166,3/31/2015,0
166,4/30/2015,0
166,5/31/2015,0
166,6/30/2015,0
166,7/31/2015,0
166,8/31/2015,0
166,9/30/2015,0
166,10/31/2015,0
166,11/30/2015,0
166,12/31/2015,0
166,1/31/2016,0
166,2/29/2016,0
166,3/31/2016,0
166,4/30/2016,0
166,5/31/2016,0
166,6/30/2016,0
166,7/31/2016,0
166,8/31/2016,0
166,9/30/2016,0
166,10/31/2016,0
166,11/30/2016,0
166,12/31/2016,0
166,1/31/2017,0
166,2/28/2017,0
166,3/31/2017,0
166,4/30/2017,0
166,5/31/2017,0
166,6/30/2017,0
166,7/31/2017,0
166,8/31/2017,2576.666667
166,9/30/2017,2576.666667
166,10/31/2017,2576.666667
166,11/30/2017,2576.666667
167,1/1/2015,0
167,2/28/2015,0
167,3/31/2015,0
167,4/30/2015,0
167,5/31/2015,0
167,6/30/2015,0
167,7/31/2015,0
167,8/31/2015,0
167,9/30/2015,0
167,10/31/2015,0
167,11/30/2015,0
167,12/31/2015,0
167,1/31/2016,0
167,2/29/2016,0
167,3/31/2016,0
167,4/30/2016,0
167,5/31/2016,0
167,6/30/2016,0
167,7/31/2016,0
167,8/31/2016,0
167,9/30/2016,0
167,10/31/2016,0
167,11/30/2016,0
167,12/31/2016,0
167,1/31/2017,0
167,2/28/2017,0
167,3/31/2017,0
167,4/30/2017,0
167,5/31/2017,0
167,6/30/2017,0
167,7/31/2017,0
167,8/31/2017,0
167,9/30/2017,0
167,10/31/2017,0
167,11/30/2017,0
168,1/1/2015,0
168,2/28/2015,0
168,3/31/2015,0
168,4/30/2015,0
168,5/31/2015,0
168,6/30/2015,0
168,7/31/2015,0
168,8/31/2015,0
168,9/30/2015,0
168,10/31/2015,0
168,11/30/2015,0
168,12/31/2015,0
168,1/31/2016,0
168,2/29/2016,0
168,3/31/2016,0
168,4/30/2016,0
168,5/31/2016,0
168,6/30/2016,0
168,7/31/2016,0
168,8/31/2016,0
168,9/30/2016,0
168,10/31/2016,0
168,11/30/2016,0
168,12/31/2016,0
168,1/31/2017,0
168,2/28/2017,0
168,3/31/2017,0
168,4/30/2017,0
168,5/31/2017,0
168,6/30/2017,0
168,7/31/2017,0
168,8/31/2017,0
168,9/30/2017,0
168,10/31/2017,0
168,11/30/2017,0
169,1/1/2015,0
169,2/28/2015,0
169,3/31/2015,0
169,4/30/2015,0
169,5/31/2015,0
169,6/30/2015,0
169,7/31/2015,0
169,8/31/2015,0
169,9/30/2015,0
169,10/31/2015,0
169,11/30/2015,0
169,12/31/2015,0
169,1/31/2016,0
169,2/29/2016,0
169,3/31/2016,0
169,4/30/2016,0
169,5/31/2016,0
169,6/30/2016,0
169,7/31/2016,0
169,8/31/2016,0
169,9/30/2016,0
169,10/31/2016,0
169,11/30/2016,0
169,12/31/2016,0
169,1/31/2017,0
169,2/28/2017,0
169,3/31/2017,0
169,4/30/2017,0
169,5/31/2017,0
169,6/30/2017,0
169,7/31/2017,0
169,8/31/2017,218.27
169,9/30/2017,218.27
169,10/31/2017,218.27
169,11/30/2017,218.27
170,1/1/2015,0
170,2/28/2015,0
170,3/31/2015,0
170,4/30/2015,0
170,5/31/2015,0
170,6/30/2015,0
170,7/31/2015,0
170,8/31/2015,0
170,9/30/2015,0
170,10/31/2015,0
170,11/30/2015,0
170,12/31/2015,0
170,1/31/2016,0
170,2/29/2016,0
170,3/31/2016,0
170,4/30/2016,0
170,5/31/2016,0
170,6/30/2016,0
170,7/31/2016,0
170,8/31/2016,0
170,9/30/2016,0
170,10/31/2016,0
170,11/30/2016,0
170,12/31/2016,0
170,1/31/2017,0
170,2/28/2017,0
170,3/31/2017,0
170,4/30/2017,0
170,5/31/2017,0
170,6/30/2017,0
170,7/31/2017,0
170,8/31/2017,0
170,9/30/2017,0
170,10/31/2017,0
170,11/30/2017,0
171,1/1/2015,0
171,2/28/2015,0
171,3/31/2015,0
171,4/30/2015,0
171,5/31/2015,0
171,6/30/2015,0
171,7/31/2015,0
171,8/31/2015,0
171,9/30/2015,0
171,10/31/2015,0
171,11/30/2015,0
171,12/31/2015,0
171,1/31/2016,0
171,2/29/2016,0
171,3/31/2016,0
171,4/30/2016,0
171,5/31/2016,0
171,6/30/2016,0
171,7/31/2016,0
171,8/31/2016,0
171,9/30/2016,0
171,10/31/2016,0
171,11/30/2016,0
171,12/31/2016,0
171,1/31/2017,0
171,2/28/2017,0
171,3/31/2017,0
171,4/30/2017,0
171,5/31/2017,0
171,6/30/2017,0
171,7/31/2017,288.11
171,8/31/2017,288.11
171,9/30/2017,288.11
171,10/31/2017,288.11
171,11/30/2017,288.11
172,1/1/2015,0
172,2/28/2015,0
172,3/31/2015,0
172,4/30/2015,0
172,5/31/2015,0
172,6/30/2015,0
172,7/31/2015,0
172,8/31/2015,0
172,9/30/2015,0
172,10/31/2015,0
172,11/30/2015,0
172,12/31/2015,0
172,1/31/2016,0
172,2/29/2016,0
172,3/31/2016,0
172,4/30/2016,0
172,5/31/2016,0
172,6/30/2016,0
172,7/31/2016,0
172,8/31/2016,0
172,9/30/2016,0
172,10/31/2016,0
172,11/30/2016,0
172,12/31/2016,0
172,1/31/2017,0
172,2/28/2017,0
172,3/31/2017,0
172,4/30/2017,0
172,5/31/2017,0
172,6/30/2017,0
172,7/31/2017,905
172,8/31/2017,905
172,9/30/2017,905
172,10/31/2017,2574
172,11/30/2017,2574
173,1/1/2015,0
173,2/28/2015,0
173,3/31/2015,0
173,4/30/2015,0
173,5/31/2015,0
173,6/30/2015,0
173,7/31/2015,0
173,8/31/2015,0
173,9/30/2015,0
173,10/31/2015,0
173,11/30/2015,0
173,12/31/2015,0
173,1/31/2016,0
173,2/29/2016,0
173,3/31/2016,0
173,4/30/2016,0
173,5/31/2016,0
173,6/30/2016,0
173,7/31/2016,0
173,8/31/2016,0
173,9/30/2016,0
173,10/31/2016,0
173,11/30/2016,0
173,12/31/2016,0
173,1/31/2017,0
173,2/28/2017,0
173,3/31/2017,0
173,4/30/2017,0
173,5/31/2017,0
173,6/30/2017,0
173,7/31/2017,892.41
173,8/31/2017,892.41
173,9/30/2017,892.41
173,10/31/2017,892.41
173,11/30/2017,892.41
174,1/1/2015,0
174,2/28/2015,0
174,3/31/2015,0
174,4/30/2015,0
174,5/31/2015,0
174,6/30/2015,0
174,7/31/2015,0
174,8/31/2015,0
174,9/30/2015,0
174,10/31/2015,0
174,11/30/2015,0
174,12/31/2015,0
174,1/31/2016,0
174,2/29/2016,0
174,3/31/2016,0
174,4/30/2016,0
174,5/31/2016,0
174,6/30/2016,0
174,7/31/2016,0
174,8/31/2016,0
174,9/30/2016,0
174,10/31/2016,0
174,11/30/2016,0
174,12/31/2016,0
174,1/31/2017,0
174,2/28/2017,0
174,3/31/2017,0
174,4/30/2017,0
174,5/31/2017,0
174,6/30/2017,0
174,7/31/2017,750
174,8/31/2017,750
174,9/30/2017,750
174,10/31/2017,750
174,11/30/2017,750
175,1/1/2015,0
175,2/28/2015,0
175,3/31/2015,0
175,4/30/2015,0
175,5/31/2015,0
175,6/30/2015,0
175,7/31/2015,0
175,8/31/2015,0
175,9/30/2015,0
175,10/31/2015,0
175,11/30/2015,0
175,12/31/2015,0
175,1/31/2016,0
175,2/29/2016,0
175,3/31/2016,0
175,4/30/2016,0
175,5/31/2016,0
175,6/30/2016,0
175,7/31/2016,0
175,8/31/2016,0
175,9/30/2016,0
175,10/31/2016,0
175,11/30/2016,0
175,12/31/2016,0
175,1/31/2017,0
175,2/28/2017,0
175,3/31/2017,0
175,4/30/2017,0
175,5/31/2017,0
175,6/30/2017,0
175,7/31/2017,0
175,8/31/2017,0
175,9/30/2017,1555.583333
175,10/31/2017,1555.583333
175,11/30/2017,1555.583333
176,1/1/2015,0
176,2/28/2015,0
176,3/31/2015,0
176,4/30/2015,0
176,5/31/2015,0
176,6/30/2015,0
176,7/31/2015,0
176,8/31/2015,0
176,9/30/2015,0
176,10/31/2015,0
176,11/30/2015,0
176,12/31/2015,0
176,1/31/2016,0
176,2/29/2016,0
176,3/31/2016,0
176,4/30/2016,0
176,5/31/2016,0
176,6/30/2016,0
176,7/31/2016,0
176,8/31/2016,0
176,9/30/2016,0
176,10/31/2016,0
176,11/30/2016,0
176,12/31/2016,0
176,1/31/2017,0
176,2/28/2017,0
176,3/31/2017,0
176,4/30/2017,0
176,5/31/2017,0
176,6/30/2017,0
176,7/31/2017,0
176,8/31/2017,0
176,9/30/2017,2611.54
176,10/31/2017,2611.54
176,11/30/2017,2611.54
177,1/1/2015,0
177,2/28/2015,0
177,3/31/2015,0
177,4/30/2015,0
177,5/31/2015,0
177,6/30/2015,0
177,7/31/2015,0
177,8/31/2015,0
177,9/30/2015,0
177,10/31/2015,0
177,11/30/2015,0
177,12/31/2015,0
177,1/31/2016,0
177,2/29/2016,0
177,3/31/2016,0
177,4/30/2016,0
177,5/31/2016,0
177,6/30/2016,0
177,7/31/2016,0
177,8/31/2016,0
177,9/30/2016,0
177,10/31/2016,0
177,11/30/2016,0
177,12/31/2016,0
177,1/31/2017,0
177,2/28/2017,0
177,3/31/2017,0
177,4/30/2017,0
177,5/31/2017,0
177,6/30/2017,0
177,7/31/2017,0
177,8/31/2017,0
177,9/30/2017,0
177,10/31/2017,0
177,11/30/2017,0
178,1/1/2015,0
178,2/28/2015,0
178,3/31/2015,0
178,4/30/2015,0
178,5/31/2015,0
178,6/30/2015,0
178,7/31/2015,0
178,8/31/2015,0
178,9/30/2015,0
178,10/31/2015,0
178,11/30/2015,0
178,12/31/2015,0
178,1/31/2016,0
178,2/29/2016,0
178,3/31/2016,0
178,4/30/2016,0
178,5/31/2016,0
178,6/30/2016,0
178,7/31/2016,0
178,8/31/2016,0
178,9/30/2016,0
178,10/31/2016,0
178,11/30/2016,0
178,12/31/2016,0
178,1/31/2017,0
178,2/28/2017,0
178,3/31/2017,0
178,4/30/2017,0
178,5/31/2017,0
178,6/30/2017,0
178,7/31/2017,0
178,8/31/2017,0
178,9/30/2017,0
178,10/31/2017,0
178,11/30/2017,0
179,1/1/2015,0
179,2/28/2015,0
179,3/31/2015,0
179,4/30/2015,0
179,5/31/2015,0
179,6/30/2015,0
179,7/31/2015,0
179,8/31/2015,0
179,9/30/2015,0
179,10/31/2015,0
179,11/30/2015,0
179,12/31/2015,0
179,1/31/2016,0
179,2/29/2016,0
179,3/31/2016,0
179,4/30/2016,0
179,5/31/2016,0
179,6/30/2016,0
179,7/31/2016,0
179,8/31/2016,0
179,9/30/2016,0
179,10/31/2016,0
179,11/30/2016,0
179,12/31/2016,0
179,1/31/2017,0
179,2/28/2017,0
179,3/31/2017,0
179,4/30/2017,0
179,5/31/2017,0
179,6/30/2017,0
179,7/31/2017,0
179,8/31/2017,200
179,9/30/2017,200
179,10/31/2017,200
179,11/30/2017,200
180,1/1/2015,0
180,2/28/2015,0
180,3/31/2015,0
180,4/30/2015,0
180,5/31/2015,0
180,6/30/2015,0
180,7/31/2015,0
180,8/31/2015,0
180,9/30/2015,0
180,10/31/2015,0
180,11/30/2015,0
180,12/31/2015,0
180,1/31/2016,0
180,2/29/2016,0
180,3/31/2016,0
180,4/30/2016,0
180,5/31/2016,0
180,6/30/2016,0
180,7/31/2016,0
180,8/31/2016,0
180,9/30/2016,0
180,10/31/2016,0
180,11/30/2016,0
180,12/31/2016,0
180,1/31/2017,0
180,2/28/2017,0
180,3/31/2017,0
180,4/30/2017,0
180,5/31/2017,0
180,6/30/2017,0
180,7/31/2017,0
180,8/31/2017,0
180,9/30/2017,75
180,10/31/2017,75
180,11/30/2017,0
181,1/1/2015,0
181,2/28/2015,0
181,3/31/2015,0
181,4/30/2015,0
181,5/31/2015,0
181,6/30/2015,0
181,7/31/2015,0
181,8/31/2015,0
181,9/30/2015,0
181,10/31/2015,0
181,11/30/2015,0
181,12/31/2015,0
181,1/31/2016,0
181,2/29/2016,0
181,3/31/2016,0
181,4/30/2016,0
181,5/31/2016,0
181,6/30/2016,0
181,7/31/2016,0
181,8/31/2016,0
181,9/30/2016,0
181,10/31/2016,0
181,11/30/2016,0
181,12/31/2016,0
181,1/31/2017,0
181,2/28/2017,0
181,3/31/2017,0
181,4/30/2017,0
181,5/31/2017,0
181,6/30/2017,0
181,7/31/2017,0
181,8/31/2017,1900
181,9/30/2017,1900
181,10/31/2017,1900
181,11/30/2017,0
182,1/1/2015,0
182,2/28/2015,0
182,3/31/2015,0
182,4/30/2015,0
182,5/31/2015,0
182,6/30/2015,0
182,7/31/2015,0
182,8/31/2015,0
182,9/30/2015,0
182,10/31/2015,0
182,11/30/2015,0
182,12/31/2015,0
182,1/31/2016,0
182,2/29/2016,0
182,3/31/2016,0
182,4/30/2016,0
182,5/31/2016,0
182,6/30/2016,0
182,7/31/2016,0
182,8/31/2016,0
182,9/30/2016,0
182,10/31/2016,0
182,11/30/2016,0
182,12/31/2016,0
182,1/31/2017,0
182,2/28/2017,0
182,3/31/2017,0
182,4/30/2017,0
182,5/31/2017,0
182,6/30/2017,0
182,7/31/2017,0
182,8/31/2017,0
182,9/30/2017,581.7
182,10/31/2017,581.7
182,11/30/2017,581.7
183,1/1/2015,0
183,2/28/2015,0
183,3/31/2015,0
183,4/30/2015,0
183,5/31/2015,0
183,6/30/2015,0
183,7/31/2015,0
183,8/31/2015,0
183,9/30/2015,0
183,10/31/2015,0
183,11/30/2015,0
183,12/31/2015,0
183,1/31/2016,0
183,2/29/2016,0
183,3/31/2016,0
183,4/30/2016,0
183,5/31/2016,0
183,6/30/2016,0
183,7/31/2016,0
183,8/31/2016,0
183,9/30/2016,0
183,10/31/2016,0
183,11/30/2016,0
183,12/31/2016,0
183,1/31/2017,0
183,2/28/2017,0
183,3/31/2017,0
183,4/30/2017,0
183,5/31/2017,0
183,6/30/2017,0
183,7/31/2017,0
183,8/31/2017,0
183,9/30/2017,0
183,10/31/2017,0
183,11/30/2017,0
184,1/1/2015,0
184,2/28/2015,0
184,3/31/2015,0
184,4/30/2015,0
184,5/31/2015,0
184,6/30/2015,0
184,7/31/2015,0
184,8/31/2015,0
184,9/30/2015,0
184,10/31/2015,0
184,11/30/2015,0
184,12/31/2015,0
184,1/31/2016,0
184,2/29/2016,0
184,3/31/2016,0
184,4/30/2016,0
184,5/31/2016,0
184,6/30/2016,0
184,7/31/2016,0
184,8/31/2016,0
184,9/30/2016,0
184,10/31/2016,0
184,11/30/2016,0
184,12/31/2016,0
184,1/31/2017,0
184,2/28/2017,0
184,3/31/2017,0
184,4/30/2017,0
184,5/31/2017,0
184,6/30/2017,0
184,7/31/2017,0
184,8/31/2017,0
184,9/30/2017,3333
184,10/31/2017,3333
184,11/30/2017,3333
185,1/1/2015,0
185,2/28/2015,0
185,3/31/2015,0
185,4/30/2015,0
185,5/31/2015,0
185,6/30/2015,0
185,7/31/2015,0
185,8/31/2015,0
185,9/30/2015,0
185,10/31/2015,0
185,11/30/2015,0
185,12/31/2015,0
185,1/31/2016,0
185,2/29/2016,0
185,3/31/2016,0
185,4/30/2016,0
185,5/31/2016,0
185,6/30/2016,0
185,7/31/2016,0
185,8/31/2016,0
185,9/30/2016,0
185,10/31/2016,0
185,11/30/2016,0
185,12/31/2016,0
185,1/31/2017,0
185,2/28/2017,0
185,3/31/2017,0
185,4/30/2017,0
185,5/31/2017,0
185,6/30/2017,0
185,7/31/2017,0
185,8/31/2017,0
185,9/30/2017,2250
185,10/31/2017,2250
185,11/30/2017,2250
186,1/1/2015,0
186,2/28/2015,0
186,3/31/2015,0
186,4/30/2015,0
186,5/31/2015,0
186,6/30/2015,0
186,7/31/2015,0
186,8/31/2015,0
186,9/30/2015,0
186,10/31/2015,0
186,11/30/2015,0
186,12/31/2015,0
186,1/31/2016,0
186,2/29/2016,0
186,3/31/2016,0
186,4/30/2016,0
186,5/31/2016,0
186,6/30/2016,0
186,7/31/2016,0
186,8/31/2016,0
186,9/30/2016,0
186,10/31/2016,0
186,11/30/2016,0
186,12/31/2016,0
186,1/31/2017,0
186,2/28/2017,0
186,3/31/2017,0
186,4/30/2017,0
186,5/31/2017,0
186,6/30/2017,0
186,7/31/2017,0
186,8/31/2017,990
186,9/30/2017,990
186,10/31/2017,990
186,11/30/2017,990
187,1/1/2015,0
187,2/28/2015,0
187,3/31/2015,0
187,4/30/2015,0
187,5/31/2015,0
187,6/30/2015,0
187,7/31/2015,0
187,8/31/2015,0
187,9/30/2015,0
187,10/31/2015,0
187,11/30/2015,0
187,12/31/2015,0
187,1/31/2016,0
187,2/29/2016,0
187,3/31/2016,0
187,4/30/2016,0
187,5/31/2016,0
187,6/30/2016,0
187,7/31/2016,0
187,8/31/2016,0
187,9/30/2016,0
187,10/31/2016,0
187,11/30/2016,0
187,12/31/2016,0
187,1/31/2017,0
187,2/28/2017,0
187,3/31/2017,0
187,4/30/2017,0
187,5/31/2017,0
187,6/30/2017,0
187,7/31/2017,0
187,8/31/2017,450
187,9/30/2017,450
187,10/31/2017,450
187,11/30/2017,450
188,1/1/2015,0
188,2/28/2015,0
188,3/31/2015,0
188,4/30/2015,0
188,5/31/2015,0
188,6/30/2015,0
188,7/31/2015,0
188,8/31/2015,0
188,9/30/2015,0
188,10/31/2015,0
188,11/30/2015,0
188,12/31/2015,0
188,1/31/2016,0
188,2/29/2016,0
188,3/31/2016,0
188,4/30/2016,0
188,5/31/2016,0
188,6/30/2016,0
188,7/31/2016,0
188,8/31/2016,0
188,9/30/2016,0
188,10/31/2016,0
188,11/30/2016,0
188,12/31/2016,0
188,1/31/2017,0
188,2/28/2017,0
188,3/31/2017,0
188,4/30/2017,0
188,5/31/2017,0
188,6/30/2017,0
188,7/31/2017,0
188,8/31/2017,0
188,9/30/2017,1800
188,10/31/2017,1800
188,11/30/2017,1800
189,1/1/2015,0
189,2/28/2015,0
189,3/31/2015,0
189,4/30/2015,0
189,5/31/2015,0
189,6/30/2015,0
189,7/31/2015,0
189,8/31/2015,0
189,9/30/2015,0
189,10/31/2015,0
189,11/30/2015,0
189,12/31/2015,0
189,1/31/2016,0
189,2/29/2016,0
189,3/31/2016,0
189,4/30/2016,0
189,5/31/2016,0
189,6/30/2016,0
189,7/31/2016,0
189,8/31/2016,0
189,9/30/2016,0
189,10/31/2016,0
189,11/30/2016,0
189,12/31/2016,0
189,1/31/2017,0
189,2/28/2017,0
189,3/31/2017,0
189,4/30/2017,0
189,5/31/2017,0
189,6/30/2017,0
189,7/31/2017,0
189,8/31/2017,1900
189,9/30/2017,1900
189,10/31/2017,1900
189,11/30/2017,1900
190,1/1/2015,0
190,2/28/2015,0
190,3/31/2015,0
190,4/30/2015,0
190,5/31/2015,0
190,6/30/2015,0
190,7/31/2015,0
190,8/31/2015,0
190,9/30/2015,0
190,10/31/2015,0
190,11/30/2015,0
190,12/31/2015,0
190,1/31/2016,0
190,2/29/2016,0
190,3/31/2016,0
190,4/30/2016,0
190,5/31/2016,0
190,6/30/2016,0
190,7/31/2016,0
190,8/31/2016,0
190,9/30/2016,0
190,10/31/2016,0
190,11/30/2016,0
190,12/31/2016,0
190,1/31/2017,0
190,2/28/2017,0
190,3/31/2017,0
190,4/30/2017,0
190,5/31/2017,0
190,6/30/2017,0
190,7/31/2017,0
190,8/31/2017,119.86
190,9/30/2017,119.86
190,10/31/2017,119.86
190,11/30/2017,119.86
191,1/1/2015,0
191,2/28/2015,0
191,3/31/2015,0
191,4/30/2015,0
191,5/31/2015,0
191,6/30/2015,0
191,7/31/2015,0
191,8/31/2015,0
191,9/30/2015,0
191,10/31/2015,0
191,11/30/2015,0
191,12/31/2015,0
191,1/31/2016,0
191,2/29/2016,0
191,3/31/2016,0
191,4/30/2016,0
191,5/31/2016,0
191,6/30/2016,0
191,7/31/2016,0
191,8/31/2016,0
191,9/30/2016,0
191,10/31/2016,0
191,11/30/2016,0
191,12/31/2016,0
191,1/31/2017,0
191,2/28/2017,0
191,3/31/2017,0
191,4/30/2017,0
191,5/31/2017,0
191,6/30/2017,0
191,7/31/2017,0
191,8/31/2017,0
191,9/30/2017,750
191,10/31/2017,750
191,11/30/2017,750
192,1/1/2015,0
192,2/28/2015,0
192,3/31/2015,0
192,4/30/2015,0
192,5/31/2015,0
192,6/30/2015,0
192,7/31/2015,0
192,8/31/2015,0
192,9/30/2015,0
192,10/31/2015,0
192,11/30/2015,0
192,12/31/2015,0
192,1/31/2016,0
192,2/29/2016,0
192,3/31/2016,0
192,4/30/2016,0
192,5/31/2016,0
192,6/30/2016,0
192,7/31/2016,0
192,8/31/2016,0
192,9/30/2016,0
192,10/31/2016,0
192,11/30/2016,0
192,12/31/2016,0
192,1/31/2017,0
192,2/28/2017,0
192,3/31/2017,0
192,4/30/2017,0
192,5/31/2017,0
192,6/30/2017,0
192,7/31/2017,0
192,8/31/2017,0
192,9/30/2017,900
192,10/31/2017,900
192,11/30/2017,900
193,1/1/2015,0
193,2/28/2015,0
193,3/31/2015,0
193,4/30/2015,0
193,5/31/2015,0
193,6/30/2015,0
193,7/31/2015,0
193,8/31/2015,0
193,9/30/2015,0
193,10/31/2015,0
193,11/30/2015,0
193,12/31/2015,0
193,1/31/2016,0
193,2/29/2016,0
193,3/31/2016,0
193,4/30/2016,0
193,5/31/2016,0
193,6/30/2016,0
193,7/31/2016,0
193,8/31/2016,0
193,9/30/2016,0
193,10/31/2016,0
193,11/30/2016,0
193,12/31/2016,0
193,1/31/2017,0
193,2/28/2017,0
193,3/31/2017,0
193,4/30/2017,0
193,5/31/2017,0
193,6/30/2017,0
193,7/31/2017,0
193,8/31/2017,0
193,9/30/2017,0
193,10/31/2017,1103.2
193,11/30/2017,1103.2
194,1/1/2015,0
194,2/28/2015,0
194,3/31/2015,0
194,4/30/2015,0
194,5/31/2015,0
194,6/30/2015,0
194,7/31/2015,0
194,8/31/2015,0
194,9/30/2015,0
194,10/31/2015,0
194,11/30/2015,0
194,12/31/2015,0
194,1/31/2016,0
194,2/29/2016,0
194,3/31/2016,0
194,4/30/2016,0
194,5/31/2016,0
194,6/30/2016,0
194,7/31/2016,0
194,8/31/2016,0
194,9/30/2016,0
194,10/31/2016,0
194,11/30/2016,0
194,12/31/2016,0
194,1/31/2017,0
194,2/28/2017,0
194,3/31/2017,0
194,4/30/2017,0
194,5/31/2017,0
194,6/30/2017,0
194,7/31/2017,0
194,8/31/2017,0
194,9/30/2017,2088.75
194,10/31/2017,2088.75
194,11/30/2017,2088.75
195,1/1/2015,0
195,2/28/2015,0
195,3/31/2015,0
195,4/30/2015,0
195,5/31/2015,0
195,6/30/2015,0
195,7/31/2015,0
195,8/31/2015,0
195,9/30/2015,0
195,10/31/2015,0
195,11/30/2015,0
195,12/31/2015,0
195,1/31/2016,0
195,2/29/2016,0
195,3/31/2016,0
195,4/30/2016,0
195,5/31/2016,0
195,6/30/2016,0
195,7/31/2016,0
195,8/31/2016,0
195,9/30/2016,0
195,10/31/2016,0
195,11/30/2016,0
195,12/31/2016,0
195,1/31/2017,0
195,2/28/2017,0
195,3/31/2017,0
195,4/30/2017,0
195,5/31/2017,0
195,6/30/2017,0
195,7/31/2017,0
195,8/31/2017,0
195,9/30/2017,0
195,10/31/2017,600
195,11/30/2017,675
196,1/1/2015,0
196,2/28/2015,0
196,3/31/2015,0
196,4/30/2015,0
196,5/31/2015,0
196,6/30/2015,0
196,7/31/2015,0
196,8/31/2015,0
196,9/30/2015,0
196,10/31/2015,0
196,11/30/2015,0
196,12/31/2015,0
196,1/31/2016,0
196,2/29/2016,0
196,3/31/2016,0
196,4/30/2016,0
196,5/31/2016,0
196,6/30/2016,0
196,7/31/2016,0
196,8/31/2016,0
196,9/30/2016,0
196,10/31/2016,0
196,11/30/2016,0
196,12/31/2016,0
196,1/31/2017,0
196,2/28/2017,0
196,3/31/2017,0
196,4/30/2017,0
196,5/31/2017,0
196,6/30/2017,0
196,7/31/2017,0
196,8/31/2017,0
196,9/30/2017,120
196,10/31/2017,120
196,11/30/2017,120
197,1/1/2015,0
197,2/28/2015,0
197,3/31/2015,0
197,4/30/2015,0
197,5/31/2015,0
197,6/30/2015,0
197,7/31/2015,0
197,8/31/2015,0
197,9/30/2015,0
197,10/31/2015,0
197,11/30/2015,0
197,12/31/2015,0
197,1/31/2016,0
197,2/29/2016,0
197,3/31/2016,0
197,4/30/2016,0
197,5/31/2016,0
197,6/30/2016,0
197,7/31/2016,0
197,8/31/2016,0
197,9/30/2016,0
197,10/31/2016,0
197,11/30/2016,0
197,12/31/2016,0
197,1/31/2017,0
197,2/28/2017,0
197,3/31/2017,0
197,4/30/2017,0
197,5/31/2017,0
197,6/30/2017,0
197,7/31/2017,0
197,8/31/2017,0
197,9/30/2017,0
197,10/31/2017,0
197,11/30/2017,0
198,1/1/2015,0
198,2/28/2015,0
198,3/31/2015,0
198,4/30/2015,0
198,5/31/2015,0
198,6/30/2015,0
198,7/31/2015,0
198,8/31/2015,0
198,9/30/2015,0
198,10/31/2015,0
198,11/30/2015,0
198,12/31/2015,0
198,1/31/2016,0
198,2/29/2016,0
198,3/31/2016,0
198,4/30/2016,0
198,5/31/2016,0
198,6/30/2016,0
198,7/31/2016,0
198,8/31/2016,0
198,9/30/2016,0
198,10/31/2016,0
198,11/30/2016,0
198,12/31/2016,0
198,1/31/2017,0
198,2/28/2017,0
198,3/31/2017,0
198,4/30/2017,0
198,5/31/2017,0
198,6/30/2017,0
198,7/31/2017,0
198,8/31/2017,0
198,9/30/2017,0
198,10/31/2017,9265.99
198,11/30/2017,9265.99
199,1/1/2015,0
199,2/28/2015,0
199,3/31/2015,0
199,4/30/2015,0
199,5/31/2015,0
199,6/30/2015,0
199,7/31/2015,0
199,8/31/2015,0
199,9/30/2015,0
199,10/31/2015,0
199,11/30/2015,0
199,12/31/2015,0
199,1/31/2016,0
199,2/29/2016,0
199,3/31/2016,0
199,4/30/2016,0
199,5/31/2016,0
199,6/30/2016,0
199,7/31/2016,0
199,8/31/2016,0
199,9/30/2016,0
199,10/31/2016,0
199,11/30/2016,0
199,12/31/2016,0
199,1/31/2017,0
199,2/28/2017,0
199,3/31/2017,0
199,4/30/2017,0
199,5/31/2017,0
199,6/30/2017,0
199,7/31/2017,0
199,8/31/2017,0
199,9/30/2017,0
199,10/31/2017,0
199,11/30/2017,0
200,1/1/2015,0
200,2/28/2015,0
200,3/31/2015,0
200,4/30/2015,0
200,5/31/2015,0
200,6/30/2015,0
200,7/31/2015,0
200,8/31/2015,0
200,9/30/2015,0
200,10/31/2015,0
200,11/30/2015,0
200,12/31/2015,0
200,1/31/2016,0
200,2/29/2016,0
200,3/31/2016,0
200,4/30/2016,0
200,5/31/2016,0
200,6/30/2016,0
200,7/31/2016,0
200,8/31/2016,0
200,9/30/2016,0
200,10/31/2016,0
200,11/30/2016,0
200,12/31/2016,0
200,1/31/2017,0
200,2/28/2017,0
200,3/31/2017,0
200,4/30/2017,0
200,5/31/2017,0
200,6/30/2017,0
200,7/31/2017,0
200,8/31/2017,0
200,9/30/2017,0
200,10/31/2017,1000.79
200,11/30/2017,1000.79
201,1/1/2015,0
201,2/28/2015,0
201,3/31/2015,0
201,4/30/2015,0
201,5/31/2015,0
201,6/30/2015,0
201,7/31/2015,0
201,8/31/2015,0
201,9/30/2015,0
201,10/31/2015,0
201,11/30/2015,0
201,12/31/2015,0
201,1/31/2016,0
201,2/29/2016,0
201,3/31/2016,0
201,4/30/2016,0
201,5/31/2016,0
201,6/30/2016,0
201,7/31/2016,0
201,8/31/2016,0
201,9/30/2016,0
201,10/31/2016,0
201,11/30/2016,0
201,12/31/2016,0
201,1/31/2017,0
201,2/28/2017,0
201,3/31/2017,0
201,4/30/2017,0
201,5/31/2017,0
201,6/30/2017,0
201,7/31/2017,0
201,8/31/2017,0
201,9/30/2017,0
201,10/31/2017,1738.39
201,11/30/2017,1738.39
202,1/1/2015,0
202,2/28/2015,0
202,3/31/2015,0
202,4/30/2015,0
202,5/31/2015,0
202,6/30/2015,0
202,7/31/2015,0
202,8/31/2015,0
202,9/30/2015,0
202,10/31/2015,0
202,11/30/2015,0
202,12/31/2015,0
202,1/31/2016,0
202,2/29/2016,0
202,3/31/2016,0
202,4/30/2016,0
202,5/31/2016,0
202,6/30/2016,0
202,7/31/2016,0
202,8/31/2016,0
202,9/30/2016,0
202,10/31/2016,0
202,11/30/2016,0
202,12/31/2016,0
202,1/31/2017,0
202,2/28/2017,0
202,3/31/2017,0
202,4/30/2017,0
202,5/31/2017,0
202,6/30/2017,0
202,7/31/2017,0
202,8/31/2017,0
202,9/30/2017,0
202,10/31/2017,0
202,11/30/2017,1019.24
203,1/1/2015,0
203,2/28/2015,0
203,3/31/2015,0
203,4/30/2015,0
203,5/31/2015,0
203,6/30/2015,0
203,7/31/2015,0
203,8/31/2015,0
203,9/30/2015,0
203,10/31/2015,0
203,11/30/2015,0
203,12/31/2015,0
203,1/31/2016,0
203,2/29/2016,0
203,3/31/2016,0
203,4/30/2016,0
203,5/31/2016,0
203,6/30/2016,0
203,7/31/2016,0
203,8/31/2016,0
203,9/30/2016,0
203,10/31/2016,0
203,11/30/2016,0
203,12/31/2016,0
203,1/31/2017,0
203,2/28/2017,0
203,3/31/2017,0
203,4/30/2017,0
203,5/31/2017,0
203,6/30/2017,0
203,7/31/2017,0
203,8/31/2017,0
203,9/30/2017,0
203,10/31/2017,1655
203,11/30/2017,1655
204,1/1/2015,0
204,2/28/2015,0
204,3/31/2015,0
204,4/30/2015,0
204,5/31/2015,0
204,6/30/2015,0
204,7/31/2015,0
204,8/31/2015,0
204,9/30/2015,0
204,10/31/2015,0
204,11/30/2015,0
204,12/31/2015,0
204,1/31/2016,0
204,2/29/2016,0
204,3/31/2016,0
204,4/30/2016,0
204,5/31/2016,0
204,6/30/2016,0
204,7/31/2016,0
204,8/31/2016,0
204,9/30/2016,0
204,10/31/2016,0
204,11/30/2016,0
204,12/31/2016,0
204,1/31/2017,0
204,2/28/2017,0
204,3/31/2017,0
204,4/30/2017,0
204,5/31/2017,0
204,6/30/2017,0
204,7/31/2017,0
204,8/31/2017,0
204,9/30/2017,0
204,10/31/2017,0
204,11/30/2017,0
205,1/1/2015,0
205,2/28/2015,0
205,3/31/2015,0
205,4/30/2015,0
205,5/31/2015,0
205,6/30/2015,0
205,7/31/2015,0
205,8/31/2015,0
205,9/30/2015,0
205,10/31/2015,0
205,11/30/2015,0
205,12/31/2015,0
205,1/31/2016,0
205,2/29/2016,0
205,3/31/2016,0
205,4/30/2016,0
205,5/31/2016,0
205,6/30/2016,0
205,7/31/2016,0
205,8/31/2016,0
205,9/30/2016,0
205,10/31/2016,0
205,11/30/2016,0
205,12/31/2016,0
205,1/31/2017,0
205,2/28/2017,0
205,3/31/2017,0
205,4/30/2017,0
205,5/31/2017,0
205,6/30/2017,0
205,7/31/2017,0
205,8/31/2017,0
205,9/30/2017,0
205,10/31/2017,0
205,11/30/2017,0
206,1/1/2015,0
206,2/28/2015,0
206,3/31/2015,0
206,4/30/2015,0
206,5/31/2015,0
206,6/30/2015,0
206,7/31/2015,0
206,8/31/2015,0
206,9/30/2015,0
206,10/31/2015,0
206,11/30/2015,0
206,12/31/2015,0
206,1/31/2016,0
206,2/29/2016,0
206,3/31/2016,0
206,4/30/2016,0
206,5/31/2016,0
206,6/30/2016,0
206,7/31/2016,0
206,8/31/2016,0
206,9/30/2016,0
206,10/31/2016,0
206,11/30/2016,0
206,12/31/2016,0
206,1/31/2017,0
206,2/28/2017,0
206,3/31/2017,0
206,4/30/2017,0
206,5/31/2017,0
206,6/30/2017,0
206,7/31/2017,0
206,8/31/2017,0
206,9/30/2017,0
206,10/31/2017,0
206,11/30/2017,0
207,1/1/2015,0
207,2/28/2015,0
207,3/31/2015,0
207,4/30/2015,0
207,5/31/2015,0
207,6/30/2015,0
207,7/31/2015,0
207,8/31/2015,0
207,9/30/2015,0
207,10/31/2015,0
207,11/30/2015,0
207,12/31/2015,0
207,1/31/2016,0
207,2/29/2016,0
207,3/31/2016,0
207,4/30/2016,0
207,5/31/2016,0
207,6/30/2016,0
207,7/31/2016,0
207,8/31/2016,0
207,9/30/2016,0
207,10/31/2016,0
207,11/30/2016,0
207,12/31/2016,0
207,1/31/2017,0
207,2/28/2017,0
207,3/31/2017,0
207,4/30/2017,0
207,5/31/2017,0
207,6/30/2017,0
207,7/31/2017,0
207,8/31/2017,0
207,9/30/2017,0
207,10/31/2017,0
207,11/30/2017,1125
208,1/1/2015,0
208,2/28/2015,0
208,3/31/2015,0
208,4/30/2015,0
208,5/31/2015,0
208,6/30/2015,0
208,7/31/2015,0
208,8/31/2015,0
208,9/30/2015,0
208,10/31/2015,0
208,11/30/2015,0
208,12/31/2015,0
208,1/31/2016,0
208,2/29/2016,0
208,3/31/2016,0
208,4/30/2016,0
208,5/31/2016,0
208,6/30/2016,0
208,7/31/2016,0
208,8/31/2016,0
208,9/30/2016,0
208,10/31/2016,0
208,11/30/2016,0
208,12/31/2016,0
208,1/31/2017,0
208,2/28/2017,0
208,3/31/2017,0
208,4/30/2017,0
208,5/31/2017,0
208,6/30/2017,0
208,7/31/2017,0
208,8/31/2017,0
208,9/30/2017,0
208,10/31/2017,0
208,11/30/2017,2335.75
209,1/1/2015,0
209,2/28/2015,0
209,3/31/2015,0
209,4/30/2015,0
209,5/31/2015,0
209,6/30/2015,0
209,7/31/2015,0
209,8/31/2015,0
209,9/30/2015,0
209,10/31/2015,0
209,11/30/2015,0
209,12/31/2015,0
209,1/31/2016,0
209,2/29/2016,0
209,3/31/2016,0
209,4/30/2016,0
209,5/31/2016,0
209,6/30/2016,0
209,7/31/2016,0
209,8/31/2016,0
209,9/30/2016,0
209,10/31/2016,0
209,11/30/2016,0
209,12/31/2016,0
209,1/31/2017,0
209,2/28/2017,0
209,3/31/2017,0
209,4/30/2017,0
209,5/31/2017,0
209,6/30/2017,0
209,7/31/2017,0
209,8/31/2017,0
209,9/30/2017,0
209,10/31/2017,0
209,11/30/2017,1155
210,1/1/2015,0
210,2/28/2015,0
210,3/31/2015,0
210,4/30/2015,0
210,5/31/2015,0
210,6/30/2015,0
210,7/31/2015,0
210,8/31/2015,0
210,9/30/2015,0
210,10/31/2015,0
210,11/30/2015,0
210,12/31/2015,0
210,1/31/2016,0
210,2/29/2016,0
210,3/31/2016,0
210,4/30/2016,0
210,5/31/2016,0
210,6/30/2016,0
210,7/31/2016,0
210,8/31/2016,0
210,9/30/2016,0
210,10/31/2016,0
210,11/30/2016,0
210,12/31/2016,0
210,1/31/2017,0
210,2/28/2017,0
210,3/31/2017,0
210,4/30/2017,0
210,5/31/2017,0
210,6/30/2017,0
210,7/31/2017,0
210,8/31/2017,0
210,9/30/2017,0
210,10/31/2017,0
210,11/30/2017,4756.95
211,1/1/2015,0
211,2/28/2015,0
211,3/31/2015,0
211,4/30/2015,0
211,5/31/2015,0
211,6/30/2015,0
211,7/31/2015,0
211,8/31/2015,0
211,9/30/2015,0
211,10/31/2015,0
211,11/30/2015,0
211,12/31/2015,0
211,1/31/2016,0
211,2/29/2016,0
211,3/31/2016,0
211,4/30/2016,0
211,5/31/2016,0
211,6/30/2016,0
211,7/31/2016,0
211,8/31/2016,0
211,9/30/2016,0
211,10/31/2016,0
211,11/30/2016,0
211,12/31/2016,0
211,1/31/2017,0
211,2/28/2017,0
211,3/31/2017,0
211,4/30/2017,0
211,5/31/2017,0
211,6/30/2017,0
211,7/31/2017,0
211,8/31/2017,0
211,9/30/2017,0
211,10/31/2017,0
211,11/30/2017,1849.14
212,1/1/2015,0
212,2/28/2015,0
212,3/31/2015,0
212,4/30/2015,0
212,5/31/2015,0
212,6/30/2015,0
212,7/31/2015,0
212,8/31/2015,0
212,9/30/2015,0
212,10/31/2015,0
212,11/30/2015,0
212,12/31/2015,0
212,1/31/2016,0
212,2/29/2016,0
212,3/31/2016,0
212,4/30/2016,0
212,5/31/2016,0
212,6/30/2016,0
212,7/31/2016,0
212,8/31/2016,0
212,9/30/2016,0
212,10/31/2016,0
212,11/30/2016,0
212,12/31/2016,0
212,1/31/2017,0
212,2/28/2017,0
212,3/31/2017,0
212,4/30/2017,0
212,5/31/2017,0
212,6/30/2017,0
212,7/31/2017,0
212,8/31/2017,0
212,9/30/2017,0
212,10/31/2017,0
212,11/30/2017,225
213,1/1/2015,0
213,2/28/2015,0
213,3/31/2015,0
213,4/30/2015,0
213,5/31/2015,0
213,6/30/2015,0
213,7/31/2015,0
213,8/31/2015,0
213,9/30/2015,0
213,10/31/2015,0
213,11/30/2015,0
213,12/31/2015,0
213,1/31/2016,0
213,2/29/2016,0
213,3/31/2016,0
213,4/30/2016,0
213,5/31/2016,0
213,6/30/2016,0
213,7/31/2016,0
213,8/31/2016,0
213,9/30/2016,0
213,10/31/2016,0
213,11/30/2016,0
213,12/31/2016,0
213,1/31/2017,0
213,2/28/2017,0
213,3/31/2017,0
213,4/30/2017,0
213,5/31/2017,0
213,6/30/2017,0
213,7/31/2017,0
213,8/31/2017,0
213,9/30/2017,0
213,10/31/2017,0
213,11/30/2017,5133.333333
214,1/1/2015,0
214,2/28/2015,0
214,3/31/2015,0
214,4/30/2015,0
214,5/31/2015,0
214,6/30/2015,0
214,7/31/2015,0
214,8/31/2015,0
214,9/30/2015,0
214,10/31/2015,0
214,11/30/2015,0
214,12/31/2015,0
214,1/31/2016,0
214,2/29/2016,0
214,3/31/2016,0
214,4/30/2016,0
214,5/31/2016,0
214,6/30/2016,0
214,7/31/2016,0
214,8/31/2016,0
214,9/30/2016,0
214,10/31/2016,0
214,11/30/2016,0
214,12/31/2016,0
214,1/31/2017,0
214,2/28/2017,0
214,3/31/2017,0
214,4/30/2017,0
214,5/31/2017,0
214,6/30/2017,0
214,7/31/2017,0
214,8/31/2017,0
214,9/30/2017,0
214,10/31/2017,0
214,11/30/2017,2167.25
215,1/1/2015,0
215,2/28/2015,0
215,3/31/2015,0
215,4/30/2015,0
215,5/31/2015,0
215,6/30/2015,0
215,7/31/2015,0
215,8/31/2015,0
215,9/30/2015,0
215,10/31/2015,0
215,11/30/2015,0
215,12/31/2015,0
215,1/31/2016,0
215,2/29/2016,0
215,3/31/2016,0
215,4/30/2016,0
215,5/31/2016,0
215,6/30/2016,0
215,7/31/2016,0
215,8/31/2016,0
215,9/30/2016,0
215,10/31/2016,0
215,11/30/2016,0
215,12/31/2016,0
215,1/31/2017,0
215,2/28/2017,0
215,3/31/2017,0
215,4/30/2017,0
215,5/31/2017,0
215,6/30/2017,0
215,7/31/2017,0
215,8/31/2017,0
215,9/30/2017,0
215,10/31/2017,0
215,11/30/2017,0
216,1/1/2015,0
216,2/28/2015,0
216,3/31/2015,0
216,4/30/2015,0
216,5/31/2015,0
216,6/30/2015,0
216,7/31/2015,0
216,8/31/2015,0
216,9/30/2015,0
216,10/31/2015,0
216,11/30/2015,0
216,12/31/2015,0
216,1/31/2016,0
216,2/29/2016,0
216,3/31/2016,0
216,4/30/2016,0
216,5/31/2016,0
216,6/30/2016,0
216,7/31/2016,0
216,8/31/2016,0
216,9/30/2016,0
216,10/31/2016,0
216,11/30/2016,0
216,12/31/2016,0
216,1/31/2017,0
216,2/28/2017,0
216,3/31/2017,0
216,4/30/2017,0
216,5/31/2017,0
216,6/30/2017,0
216,7/31/2017,0
216,8/31/2017,0
216,9/30/2017,0
216,10/31/2017,0
216,11/30/2017,2307.44
217,1/1/2015,0
217,2/28/2015,0
217,3/31/2015,0
217,4/30/2015,0
217,5/31/2015,0
217,6/30/2015,0
217,7/31/2015,0
217,8/31/2015,0
217,9/30/2015,0
217,10/31/2015,0
217,11/30/2015,0
217,12/31/2015,0
217,1/31/2016,0
217,2/29/2016,0
217,3/31/2016,0
217,4/30/2016,0
217,5/31/2016,0
217,6/30/2016,0
217,7/31/2016,0
217,8/31/2016,0
217,9/30/2016,0
217,10/31/2016,0
217,11/30/2016,0
217,12/31/2016,0
217,1/31/2017,0
217,2/28/2017,0
217,3/31/2017,0
217,4/30/2017,0
217,5/31/2017,0
217,6/30/2017,0
217,7/31/2017,0
217,8/31/2017,0
217,9/30/2017,0
217,10/31/2017,0
217,11/30/2017,905.11
218,1/1/2015,0
218,2/28/2015,0
218,3/31/2015,0
218,4/30/2015,0
218,5/31/2015,0
218,6/30/2015,0
218,7/31/2015,0
218,8/31/2015,0
218,9/30/2015,0
218,10/31/2015,0
218,11/30/2015,0
218,12/31/2015,0
218,1/31/2016,0
218,2/29/2016,0
218,3/31/2016,0
218,4/30/2016,0
218,5/31/2016,0
218,6/30/2016,0
218,7/31/2016,0
218,8/31/2016,0
218,9/30/2016,0
218,10/31/2016,0
218,11/30/2016,0
218,12/31/2016,0
218,1/31/2017,0
218,2/28/2017,0
218,3/31/2017,0
218,4/30/2017,0
218,5/31/2017,0
218,6/30/2017,0
218,7/31/2017,0
218,8/31/2017,0
218,9/30/2017,0
218,10/31/2017,0
218,11/30/2017,1756.22
219,1/1/2015,0
219,2/28/2015,0
219,3/31/2015,0
219,4/30/2015,0
219,5/31/2015,0
219,6/30/2015,0
219,7/31/2015,0
219,8/31/2015,0
219,9/30/2015,0
219,10/31/2015,0
219,11/30/2015,0
219,12/31/2015,0
219,1/31/2016,0
219,2/29/2016,0
219,3/31/2016,0
219,4/30/2016,0
219,5/31/2016,0
219,6/30/2016,0
219,7/31/2016,0
219,8/31/2016,0
219,9/30/2016,0
219,10/31/2016,0
219,11/30/2016,0
219,12/31/2016,0
219,1/31/2017,0
219,2/28/2017,0
219,3/31/2017,0
219,4/30/2017,0
219,5/31/2017,0
219,6/30/2017,0
219,7/31/2017,0
219,8/31/2017,0
219,9/30/2017,0
219,10/31/2017,0
219,11/30/2017,0
220,1/1/2015,0
220,2/28/2015,0
220,3/31/2015,0
220,4/30/2015,0
220,5/31/2015,0
220,6/30/2015,0
220,7/31/2015,0
220,8/31/2015,0
220,9/30/2015,0
220,10/31/2015,0
220,11/30/2015,0
220,12/31/2015,0
220,1/31/2016,0
220,2/29/2016,0
220,3/31/2016,0
220,4/30/2016,0
220,5/31/2016,0
220,6/30/2016,0
220,7/31/2016,0
220,8/31/2016,0
220,9/30/2016,0
220,10/31/2016,0
220,11/30/2016,0
220,12/31/2016,0
220,1/31/2017,0
220,2/28/2017,0
220,3/31/2017,0
220,4/30/2017,0
220,5/31/2017,0
220,6/30/2017,0
220,7/31/2017,0
220,8/31/2017,0
220,9/30/2017,0
220,10/31/2017,0
220,11/30/2017,1303.83
221,1/1/2015,0
221,2/28/2015,0
221,3/31/2015,0
221,4/30/2015,0
221,5/31/2015,0
221,6/30/2015,0
221,7/31/2015,0
221,8/31/2015,0
221,9/30/2015,0
221,10/31/2015,0
221,11/30/2015,0
221,12/31/2015,0
221,1/31/2016,0
221,2/29/2016,0
221,3/31/2016,0
221,4/30/2016,0
221,5/31/2016,0
221,6/30/2016,0
221,7/31/2016,0
221,8/31/2016,0
221,9/30/2016,0
221,10/31/2016,0
221,11/30/2016,0
221,12/31/2016,0
221,1/31/2017,0
221,2/28/2017,0
221,3/31/2017,0
221,4/30/2017,0
221,5/31/2017,0
221,6/30/2017,0
221,7/31/2017,0
221,8/31/2017,0
221,9/30/2017,0
221,10/31/2017,0
221,11/30/2017,0
222,1/1/2015,0
222,2/28/2015,0
222,3/31/2015,0
222,4/30/2015,0
222,5/31/2015,0
222,6/30/2015,0
222,7/31/2015,0
222,8/31/2015,0
222,9/30/2015,0
222,10/31/2015,0
222,11/30/2015,0
222,12/31/2015,0
222,1/31/2016,0
222,2/29/2016,0
222,3/31/2016,0
222,4/30/2016,0
222,5/31/2016,0
222,6/30/2016,0
222,7/31/2016,0
222,8/31/2016,0
222,9/30/2016,0
222,10/31/2016,0
222,11/30/2016,0
222,12/31/2016,0
222,1/31/2017,0
222,2/28/2017,0
222,3/31/2017,0
222,4/30/2017,0
222,5/31/2017,0
222,6/30/2017,0
222,7/31/2017,0
222,8/31/2017,0
222,9/30/2017,0
222,10/31/2017,0
222,11/30/2017,1332
